2546 3786
337 241 433 326 90'
637 249 755 310 Da
810 244 1011 307 COE
1043 244 1207 307 Lo
1243 265 1351 308 Ea*
1405 243 1536 312 IN
1569 242 1618 304 F
1653 243 1706 305 E
1738 242 2019 326 RNQ

322 373 471 423 -sonus
494 375 684 439 loquelae
714 373 1028 438 correspondet
1054 388 1215 421 *eorum
1239 373 1480 430 affeffio'ni,
1519 373 1568 420 &
1591 370 1915 420 articulationes
1939 370 2063 428 soni‘,¹
2081 373 2312 435 quksunt

337 455 490 497 voces,
509 451 513 455 '
530 441 874 504 correspondent
905 440 1014 487 ideis
1052 439 1341 501 cogitationis?
1372 454 1480 502 quae
1512 454 1573 486 ex
1610 437 1841 486 affeciione
1859 459 1876 494 ς
1915 439 1967 491 ὅτ.
1998 439 2103 501 quia
2124 439 2308 504 Lingua

341 506 426 553 illis
449 506 777 570 correspondet,
811 505 874 552 est
897 520 1079 568 quoque
1103 505 1176 551 illa
1198 503 1592 567 spiritualia—nam
1629 503 1692 551 est
1725 503 1900 551 affefflo
1921 503 2075 550 sonans
2107 505 2156 550 δε
2181 505 2308 568 cogi-

343 573 456 619 tatio
480 572 676 635 loquens.
747 572 846 629 Qi
881 570 1086 626 attendit,
1122 569 1228 616 scire
1260 568 1421 632 potest,
1460 569 1587 632 quod
1625 571 1774 617 omnis
1813 570 2029 631 cogitatio
2067 569 2119 616 s1t
2151 585 2208 616 ex
2230 571 2311 618 af·

329 635 532 683 feciione
552 652 657 699 quae
693 638 875 692 amoris,
913 638 960 683 ὅτ
984 634 1112 698 quod
1135 635 1257 682 ‘ideae
1290 634 1574 696 cogitationis
1607 634 1693 682 fint
1725 636 1862 682 variae
1901 633 2080 691 sormae,
2118 637 2165 681 in
2202 650 2314 698 quas

343 701 522 748 affeffio
545 703 802 749 communis
837 701 1071 748 distributa
1093 700 1171 757 est,
1215 716 1317 747 nam
1353 700 1570 762 cogitatio
1593 700 1642 746 ὅτ
1680 700 1779 746 idea
1811 701 1986 762 prorsus
2026 699 2146 748 nulla
2181 701 2315 749 datur

343 766 502 827 absque
540 767 788 824 affefflone,
827 770 975 814 anima
997 767 1046 813 δε
1070 767 1161 813 vita
1182 766 1357 813 illarum
1396 765 1501 812 inde
1523 764 1616 811 est:
1667 779 1723 811 ex
1763 765 1848 811 hoc
1884 766 1963 822 est,
1995 767 2119 829 quod
2141 768 2313 829 Angeli

342 847 400 879 ex
423 831 509 879 sola
529 830 706 896 loquela
727 833 862 880 sciant
883 832 1024 896 qualis
1056 831 1165 880 alter
1196 832 1275 888 est,
1309 847 1367 878 ex
1403 831 1513 879 sono
1550 829 1692 893 qualis
1729 830 1906 877 affectio
1936 829 2030 892 ejus
2061 831 2140 888 est,
2187 833 2235 879 ὅτ
2259 849 2315 880 ex

341 897 722 946 articulationibus
745 901 836 946 soni
861 900 932 946 seu
958 899 1144 946 vocibus
1176 898 1320 961 qualis
1354 912 1478 945 mens
1501 895 1633 959 ejus;
1672 896 1843 958 Angeli
1876 895 2150 960 sapientiores
2172 897 2315 946 sciunt

342 978 399 1009 ex
425 979 513 1010 una
536 964 638 1012 serie
662 966 874 1029 loquelae,
907 964 1050 1027 qualis
1071 964 1246 1011 affectio
1269 964 1504 1010 dominans
1527 962 1607 1019 est,
1642 978 1747 1008 nam
1775 962 1840 1007 illi
1881 962 1937 1008 ad
1960 978 2056 1009 eam
2087 965 2316 1027 praecipue

344 1029 595 1077 attendunt.
665 1031 810 1090 Quod
832 1030 1082 1077 affefflones
1107 1029 1416 1075 variae.cuivis
1448 1028 1549 1084 fint,
1590 1040 1750 1087 notum
1773 1027 1852 1082 est,
1891 1027 1974 1073 alia
2009 1042 2115 1075 cum
2154 1030 2200 1076 in
2234 1032 2317 1078 lae-

345 1094 440 1140 titia
461 1094 541 1152 est,
579 1096 661 1143 alia
694 1113 801 1144 cum
831 1098 876 1142 in
901 1095 1071 1150 dolore,
1093 1095 1175 1143 alia
1208 1109 1315 1140 cum
1338 1094 1384 1140 in
1415 1094 1717 1140 clementia&
1743 1092 2056 1148 misericordia,
2096 1095 2176 1142 alia
2208 1112 2316 1143 cum

345 1160 392 1205 in
432 1161 676 1208 sinceritate
713 1164 760 1211 δε
783 1163 981 1216 veritate,
1018 1160 1100 1206 alia
1122 1175 1228 1206 cum
1264 1161 1311 1205 in
1344 1174 1495 1222 amore
1532 1160 1580 1206 &
1616 1159 1842 1215 charitate,
1883 1158 1966 1205 alia
1987 1174 2094 1206 cum
2133 1162 2179 1206 in
2215 1164 2318 1209 zelo

284 1238 290 1242 ’
342 1238 422 1272 aut
445 1221 490 1272 in
522 1227 763 1282 iracundia,
799 1226 880 1272 alia
901 1240 1008 1272 cum
1034 1226 1080 1272 in
1102 1223 1384 1272 fimulatione
1409 1226 1457 1272 δι
1474 1224 1607 1281 dolo,
1641 1225 1722 1271 alia
1743 1238 1850 1271 cum
1873 1225 1917 1270 in
1941 1224 2114 1272 ambitu
2137 1225 2318 1275 honoris

345 1291 397 1337 δε
419 1291 592 1353 gloriae,
630 1293 682 1351 ,ὅτ
707 1291 764 1339 fic
788 1307 940 1355 porro,
977 1289 1050 1338 sed
1074 1290 1251 1338 affec'tio
1284 1289 1358 1337 seu
1380 1305 1507 1338 amor
1527 1290 1764 1337 dominans
1786 1289 1848 1337 est
1872 1291 1917 1336 in
1938 1290 2152 1338 omnibus
2189 1292 2276 1340 illis
2296 1316 2312 1348 ;

343 1368 618 1418 quapropter
657 1358 827 1417 Angeli
873 1356 1167 1419 sapientiores,
1214 1357 1319 1419 quia
1353 1355 1474 1403 hunc
1519 1356 1789 1419 percipiunt,
1841 1354 1983 1402 sciunt
2035 1372 2092 1403 ex
2141 1357 2320 1421 loquela

342 1435 526 1467 ornnem
551 1422 714 1469 statum
738 1423 928 1470 alterius.
999 1421 1142 1480 Quod
1179 1422 1239 1469 ita
1269 1422 1339 1477 fit,
1379 1437 1436 1468 ex
1469 1421 1614 1468 multa
1652 1421 1921 1484 experientia
1954 1421 2067 1468 mihi
2097 1422 2206 1482 seire
2239 1424 2319 1473 da-

321 1497 445 1532 ,tum
482 1486 571 1535 est:
618 1489 772 1535 audivi
820 1488 1002 1550 angelos
1040 1488 1297 1550 detegentes
1337 1487 1515 1534 alterius
1553 1488 1693 1534 vitam
1731 1485 1875 1533 solum
1921 1502 1978 1533 ex
2014 1487 2092 1536 illo
2125 1489 2316 1546 audito;

339 1551 549 1600 dixerunt
569 1555 721 1610 etiam,
752 1556 879 1616 quod
902 1554 1038 1601 sciant
1059 1555 1216 1600 omnia
1235 1554 1345 1600 vitae
1377 1553 1557 1600 alterius
1574 1568 1630 1599 ex
1651 1552 1873 1615 aliquibus
1896 1552 2005 1600 ideis
2035 1555 2320 1616 cogitationis

322 1615 452 1678 ejus,
489 1621 594 1681 quia
616 1619 757 1666 sciunt
780 1620 884 1666 inde
908 1635 1109 1666 amorem
1143 1617 1238 1682 ejus
1272 1631 1552 1680 regnantem,
1594 1618 1668 1665 cui
1690 1619 1843 1665 omnia
1865 1617 2015 1666 insunt
2045 1621 2105 1666 in·
2126 1621 2315 1676 ordine;

318 1724 321 1728 .
341 1683 392 1729 δε
413 1684 543 1745 quod
566 1684 675 1731 liber
696 1686 804 1732 vitae
827 1685 1022 1732 hominis
1043 1683 1276 1732 nonaliud
1298 1684 1366 1731 sit.
1523 1712 1525 1714 ·
1670 1720 1675 1723 -

322 1787 328 1792 .
371 1789 379 1799 ,
410 1763 436 1795 2
445 1765 521 1812 37.
556 1750 740 1813 Lingua
763 1749 989 1812 Angelica
1019 1766 1110 1798 non
1132 1749 1301 1813 aliquid
1324 1765 1570 1797 commune
1591 1749 1722 1797 habet
1743 1765 1850 1797 cum
1873 1749 2069 1813 Linguis
2090 1750 2314 1810 humanis,

341 1814 422 1861 nifi
456 1830 564 1861 cum
595 1815 815 1877 aliquibus
837 1815 1045 1872 vocibus,
1085 1831 1192 1878 quae
1229 1831 1286 1863 ex
1323 1815 1555 1863 affeffione
1576 1815 1771 1878 quadam
1811 1814 1980 1871 sonant,
2018 1831 2178 1864 verurn
2214 1834 2308 1865 non

340 1895 448 1926 cum
467 1881 571 1942 ipsis
594 1881 800 1937 vocibus,
839 1880 910 1928 sed
934 1897 1041 1928 cum
1077 1881 1185 1928 sono
1217 1895 1388 1938 earum,
1425 1881 1484 1928 de
1518 1896 1608 1944 qua
1644 1897 1689 1928 re
1721 1881 1892 1945 aliquid
1930 1882 1979 1927 in
2008 1881 2311 1945 sequentibus.

311 1956 317 1964 '
340 1946 484 2002 Quod
508 1945 691 2009 Lingua
714 1947 910 2009 angelica
943 1962 1034 1994 non
1066 1947 1233 2011 aliquid
1269 1962 1516 1995 commune
1551 1947 1705 1996 habeat
1734 1962 1841 1995 cum
1869 1947 2063 2010 Linguis
2089 1948 2313 2007 humanis,

339 2022 462 2072 patet
499 2027 554 2058 ex
582 2028 652 2068 eo,
689 2015 812 2075 quod
856 2014 1044 2075 Angelis
1084 2013 1355 2075 impoflibile
1394 2012 1446 2060 fit
1481 2013 1707 2060 enuntiare
1742 2028 1876 2060 unam
1917 2028 2080 2061 vocem
2114 2015 2314 2076 Linguae

340 2077 585 2131 humanae;
630 2079 715 2125 hoc
739 2091 959 2125 tentatum
983 2078 1064 2134 est,
1088 2078 1162 2125 sed
1187 2093 1277 2123 non
1301 2090 1595 2142 potuerunt3
1642 2093 1733 2124 non
1773 2078 1892 2124 enim
1927 2078 2047 2124 aliud
2082 2083 2314 2127 enuntiare

340 2141 537 2202 poffunt,
559 2158 698 2204 quarn
724 2143 849 2205 quod
875 2145 1053 2206 prorsus
1090 2143 1334 2199 concordat
1365 2143 1622 2197 affefiiioni3
1668 2143 1795 2205 quod
1833 2158 1924 2189 non
1954 2144 2198 2190 concordat
2227 2145 2313 2193 hoc

318 2221 561 2269 -repugnat
584 2208 662 2270 ipsi
685 2224 840 2255 eorum
866 2211 991 2263 vitae,
1027 2225 1129 2256 nam
1162 2210 1255 2256 vita
1283 2209 1347 2256 est
1382 2208 1642 2265 affeffionis,
1680 2209 1730 2255 &
1754 2224 1810 2255 ex
1832 2209 1918 2255 illa>
1941 2209 2003 2255 est
2037 2210 2215 2272 loquela
2236 2227 2312 2259 eo-

341 2287 457 2318 rum.
528 2274 718 2320 Dietum
763 2275 826 2320 est
865 2275 991 2330 mihi,
1025 2274 1149 2337 quod
1189 2277 1334 2337 prima
1357 2275 1543 2336 Lingua
1578 2274 1819 2321 hominum
1860 2277 1908 2321 in
1950 2274 2314 2324 nostraTellure

340 2341 614 2399 congruerit,
655 2340 759 2402 quia
782 2341 856 2387 illa
878 2338 965 2387 fuit
988 2341 1049 2387 eis
1082 2357 1107 2388 e
1146 2340 1300 2397 coe103
1341 2342 1389 2388 &
1415 2341 1540 2404 quod
1562 2340 1749 2403 Lingua
1774 2340 1972 2389 Hebraea
1999 2343 2053 2388 -in
2091 2342 2312 2405 aliquibus

335 2417 570 2465 congruat.
944 2426 947 2429 ⁴
978 2405 984 2413 ’
1763 2441 1767 2444 »
2200 2437 2203 2444 κ

404 2485 428 2516 2
437 2474 512 2530 38.
550 2471 673 2532 Qia
701 2471 908 2534 Loquela
931 2474 1218 2536 Angelorum
1255 2472 1567 2536 correspondet
1599 2488 1756 2520 eorum
1781 2472 2004 2521 affeffioni
2041 2488 2150 2537 quae
2183 2489 2309 2523 amo-

333 2534 409 2590 ris,
450 2536 499 2581 &
523 2551 650 2583 amor
688 2539 795 2584 coeli
834 2538 895 2585 est
925 2555 1050 2585 arnor
1085 2541 1130 2585 in
1157 2541 1415 2587 Dominum
1441 2540 1490 2586 &
1514 2554 1640 2585 arnor
1662 2554 1766 2601 erga
1787 2540 2070 2602 proximum,
2106 2538 2309 2586 videatur

328 2599 467 2662 -supra
502 2617 561 2647 n:
589 2617 644 2665 13
693 2603 747 2649 ad
797 2620 872 2664 19,
926 2617 1047 2666 patet
1085 2621 1222 2667 quarn
1258 2605 1434 2668 elegans
1470 2605 1520 2651 ὅτ
1548 2602 1751 2666 jucunda
1799 2604 1860 2650 est
1899 2605 2074 2668 loquela
2107 2604 2305 2660 illorum,

333 2666 470 2712 afficit
490 2667 611 2714 enim
636 2684 726 2715 non
750 2669 890 2716 modo
926 2685 1065 2726 aureS,
1102 2671 1175 2717 sed
1209 2672 1343 2717 etiam
1367 2671 1574 2717 interiora
1599 2672 1759 2716 mentis
1782 2671 1962 2718 illorum
1986 2671 2064 2733 qui
2086 2670 2304 2717 audiunt:

334 2744 425 2777 erat
457 2733 641 2794 quidam
666 2734 841 2796 spiritus
865 2735 1002 2782 durus
1025 2736 1176 2792 corde,
1219 2751 1324 2783 curn
1360 2751 1454 2799 quo
1478 2735 1686 2798 Angelus
1719 2735 2000 2799 loquebatur,-
2044 2735 2117 2811 ille
2154 2737 2301 2783 ex'lo-

332 2797 464 2856 quela
503 2796 595 2858 ejus
633 2801 816 2847 tandem
852 2802 913 2848 ita
954 2801 1138 2848 affeetus
1177 2801 1256 2858 est,
1309 2814 1359 2850 ut
1400 2799 1914 2864 lachrymasfunderet,
1966 2791 2132 2867 dice'ns,
2177 2803 2304 2864 quod

333 2876 424 2907 non
464 2863 651 2911 resistere
684 2867 840 2926 poffet,
893 2868 1000 2929 quia
1034 2879 1127 2914 erat
1164 2862 1292 2915 amo'r
1330 2869 1535 2931 loquenS,
1582 2869 1631 2915 &
1660 2867 1786 2931 quod
1824 2871 1950 2931 prius
1981 2866 2199 2929 nusquam
2240 2869 2303 2916 la—

331 2926 643 2988 chrymaverit.
1768 2967 1770 2969 v

400 3008 508 3055 239.
544 2993 628 3039 Est
655 3009 836 3056 quoque
858 2995 1068 3058 Loquela
1092 2996 1378 3059 Angelorum
1419 2997 1549 3060 plena
1587 2996 1811 3061 sapientia,
1837 2997 2060 3059 'quoniam
2095 3014 2153 3045 ex
2186 2999 2302 3047 inte·

328 3055 630 3105 rioreeorum
671 3061 940 3122 cogitatione
979 3062 1200 3125 procedit,
1241 3064 1289 3110 &
1314 3064 1529 3126 cogitatio
1561 3079 1718 3111 eorum
1757 3064 1937 3117 interior
1975 3063 2039 3110 est
2078 3065 2301 3128 sapientia,

326 3122 439 3168 sicut
472 3123 650 3172 affefflo
671 3140 827 3173 eorum
851 3128 1032 3174 interior
1065 3127 1126 3175 est
1149 3145 1291 3185 amor,
1333 3130 1571 3193 conjungit
1603 3129 1645 3176 se
1676 3142 1804 3174 amor
1831 3128 1879 3175 &
1905 3128 2109 3191 sapientia
2141 3144 2299 3177 eorum

325 3189 373 3234 in
397 3189 602 3251 loquela:
652 3190 757 3238 inde
779 3192 854 3239 illa
889 3192 953 3240 est
986 3206 1080 3242 tarn
1103 3195 1232 3259 plena
1255 3195 1480 3260 sapientia,
1525 3206 1577 3242 ut
1599 3195 1848 3256 exprimere
1867 3197 2031 3260 poffint
2064 3211 2151 3244 una
2171 3211 2298 3251 voce,

2191 3276 2298 3323 quae
