2546 3786
585 242 651 307 D
669 248 745 306 τῖ’
764 241 826 304 C
844 239 1143 305 ΟΕνῗῘ-ιῗΟἷ
1177 257 1280 304 Em
1333 239 1460 300 IN
1484 237 1901 304 FERNOi
2098 256 2124 295 1
2145 260 2227 320 17

253 370 425 418 rituum
459 365 575 424 sunt,
612 366 1069 419 communimtionem
1107 362 1272 412 habent
1311 379 1419 412 cum
1455 362 1594 411 Coelo
1629 374 1707 411 aut
1737 378 1844 412 cum
1878 360 2076 418 Inferno,
2119 365 2226 411 mali

254 450 362 482 cum
389 433 568 481 Inferno
588 435 635 480 &
663 433 897 480 bonicum
923 429 1084 477 Coelo:
1132 430 1321 476 Coelum
1353 430 1398 476 in
1421 429 1659 478 Societates
1692 430 1754 477 est
1786 429 2073 484 distinstum,
2103 429 2224 476 fimi·

253 502 354 548 liter
390 497 653 554 Infernum3
677 494 1010 558 ,imusquisq‘ue
1046 496 1233 558 Spiritus
1274 496 1329 542 ad
1373 495 1570 558 aliquam
1611 497 1877 543 Societatem
1918 495 2125 558 pertinet,
2170 495 2221 541 δε

252 581 437 629 quoque
459 560 946 616 subsistissex-,influxu
986 560 1107 617 inde,
1149 562 1207 607 ita
1230 576 1337 608 cum
1377 561 1452 608 illa
1482 576 1624 608 unum
1658 563 1782 623 agit:
1829 560 1934 608 inde
1972 559 2050 615 est,
2095 561 2224 623 quod

254 632 364 679 ficut
387 623 896 687 homoestconjunstus
930 641 1038 673 cum
1062 625 1300 688 spiritibuS,
1342 627 1401 673 ita
1440 626 1492 672 s1t
1531 624 1797 687 conjunctus
1836 641 1942 672 cum
1967 625 2105 672 Coelo
2142 637 2219 672 aut

252 710 360 745 cum·
387 693 585 747 Inferna,
616 693 663 738 &
688 691 874 753 quidem
900 707 1006 739 cum
1029 691 1106 738 illa
1142 691 1343 740 societate
1379 692 1456 748 ibi,
1492 692 1536 738 in
1561 708 1652 756 qua
1682 691 1748 740 est
1767 693 1916 755 quoad
1941 691 2062 739 suam
2086 690 2219 738 affec·

251 755 843 819 tionem;·seu⁴quoad·suum
866 773 1066 805 amorem
1085 778 1102 812 ·,
1148 773 1248 804 narn
1273 769 1430 805 omnes
1467 755 1693 805 societates
1727 758 1834 805 coeli
1864 757 2084 805 di'stint'stae
2120 756 2221 804 sunt

250 825 493 875 secundum
529 822 780 870 affectiones
819 823 925 870 boni
963 823 1013 868 δε
1054 824 1180 877 veri3
1215 824 1264 868 ὅτ
1304 837 1460 873 omnes
1504 822 1726 871 societates
1763 821 1930 871 Inferni
1973 821 2219 870 secundum

245 890 497 943 affectiones
538 888 644 934 mali
685 890 732 936 ὅτ.
772 886 893 939 falfi:
931 888 988 934 de
1011 887 1304 935 Societatibus
1327 887 1451 934 Coeli
1474 887 1675 935 videatur
1713 888 1843 950 supra
1877 904 1940 935 n:
1965 905 2023 945 41
2053 889 2106 935 ad
2133 905 2219 950 45,

246 969 344 1004 tum
371 971 427 1002 n:
460 958 546 1013 148
573 954 627 1000 ad
661 969 765 1015 151..
1346 988 1348 990 v
1579 1000 1583 1004 s
1715 994 1721 998 .
1960 998 1961 1002 ,

311 1037 421 1084 295·
458 1019 592 1066 Tales
619 1019 799 1082 ‘spirit-us
827 1018 999 1066 homini
1022 1016 1222 1083 adjunffl
1244 1016 1359 1075 sunt,
1396 1018 1538 1082 qualis
1561 1017 1651 1082 ipse
1673 1017 1909 1081 estquoad
1933 1018 2216 1067 affectionem

244 1087 317 1134 vel
354 1085 503 1149 quoad
542 1083 762 1142 amorem,
798 1084 871 1131 sed
911 1084 1020 1132 boni
1045 1086 1238 1148 Spiritus
1273 1085 1314 1132 ei
1351 1084 1665 1147 adjunguntur
1704 1101 1730 1132 a
1768 1086 1993 1140 Domino,
2028 1096 2072 1131 at
2113 1087 2217 1132 mali

245 1154 520 1201 arcessuntur
543 1152 601 1204 ab
619 1150 715 1214 ipso
737 1151 956 1205 homine,
992 1163 1153 1199 verum
1193 1162 1423 1198 mutantur
1449 1151 1640 1213 Spiritus
1663 1150 1786 1214 apud
1807 1150 2041 1198 hominem
2067 1149 2218 1197 secun·

245 1220 360 1267 dum
401 1218 666 1265 mutationes
705 1214 799 1279 ejus
834 1215 1141 1273 affectionum,
1176 1216 1280 1264 inde
1312 1216 1385 1263 alii
1417 1218 1457 1263 ei
1487 1216 1663 1279 spiritus
1695 1215 1797 1263 sunt
1831 1218 1877 1263 in
1910 1215 2108 1272 infantia,
2145 1217 2219 1264 alii

243 1285 291 1334 in
326 1284 527 1347 pueritia,
563 1283 635 1329 alii
665 1283 711 1329 in
744 1281 1036 1337 adolescentia
1065 1283 1114 1330 δε
1139 1280 1400 1345 juventute,
1435 1284 1484 1328 ὅτ.
1509 1281 1580 1328 alii
1605 1282 1650 1329 in
1672 1281 1928 1337 senectute3
1963 1284 2010 1329 in
2035 1281 2220 1330 infantia

244 1350 402 1397 adsunt
424 1349 600 1412 spiritus
623 1349 702 1411 qui
725 1348 770 1394 in
795 1349 1047 1395 innocentia
1072 1347 1186 1405 sunt,
1223 1350 1287 1396 ita
1318 1348 1399 1410 qui
1431 1348 1775 1396 communicant
1797 1364 1904 1396 cum
1929 1347 2068 1396 Coelo
2089 1349 2219 1395 inno-

244 1418 422 1473 centiae,
457 1415 580 1478 quod
617 1413 679 1461 est
717 1412 890 1476 coelum
930 1415 1144 1461 intimum
1168 1413 1254 1460 vseu
1292 1415 1475 1466 tertium
1495 1435 1510 1469 3
1546 1414 1593 1460 in
1623 1409 1813 1477 pueritia
1849 1412 2007 1465 adsunt
2041 1413 2223 1478 spiritus

244 1483 325 1546 qui
364 1482 410 1528 in
446 1479 677 1528 affectione
715 1478 879 1526 sciendi
908 1479 1037 1536 -sunt,
1069 1481 1131 1528 ita
1166 1481 1247 1542 qui
1285 1480 1626 1528 communicant
1666 1479 2123 1528 cumCoelozultimo
2143 1480 2218 1538 seu

241 1549 394 1611 primo
410 1569 422 1602 ;
440 1595 444 1598 ,
459 1547 504 1593 in
530 1544 820 1593 adolescentia
840 1546 888 1591 ὅτ
906 1543 1148 1607 juventute
1172 1545 1330 1593 adsunt
1352 1546 1434 1608 qui
1457 1547 1503 1592 in
1528 1544 1757 1593 affectione
1780 1546 1875 1592 veri
1896 1546 1946 1592 δε
1967 1542 2075 1592 boni
2098 1544 2222 1603 sunt,

243 1616 294 1661 &
316 1613 419 1659 inde
442 1613 488 1658 in
510 1610 820 1674 intelligentia,
857 1611 919 1656 ita
941 1611 1021 1672 qui
1042 1613 1384 1658 communicant
1407 1625 1516 1656 cum
1540 1610 1676 1657 Coelo
1697 1609 1890 1658 secundo
1922 1609 2009 1657 seu*
2028 1611 2182 1658 medio
2201 1634 2221 1667 -‚

243 1679 290 1725 in
314 1676 532 1724 senectute
555 1688 706 1724 autem
730 1676 887 1722 adsunt
915 1675 1095 1739 spiritus
1126 1676 1205 1739 qui
1241 1677 1286 1722 in
1322 1675 1532 1740 sapientia
1553 1676 1602 1722 ὅτ
1626 1676 1879 1723 innocentia
1903 1675 2020 1732 sunt,
2056 1677 2116 1724 ita
2137 1677 2220 1739 qui

244 1744 583 1792 communicant
606 1758 715 1790 cum
738 1741 874 1792 Coelo
897 1743 1061 1789 intimo
1083 1741 1156 1789 seu
1179 1742 1339 1789 tertio:
1376 1741 1449 1788 sed
1482 1741 1580 1788 haec
1615 1739 1844 1805 adjunctio
1880 1740 1933 1789 fit
1963 1757 1989 1788 a
2009 1742 2222 1789 Domino

243 1809 367 1872 apud
393 1809 490 1855 illos
513 1810 592 1872 qui
615 1806 847 1856 reformari
870 1808 1187 1870 acregenerari
1209 1807 1416 1871 poffunt:
1453 1806 1577 1861 aliter,
1597 1820 1747 1855 autem
1772 1807 1893 1871 apud
1916 1807 2016 1855 illos
2032 1808 2233 1871 quinon.

243 1873 473 1922 reformari
496 1874 569 1921 seu
592 1874 835 1936 regenerari
859 1872 1072 1936 pofl'unt3
1108 1874 1174 1920 his
1209 1889 1395 1936 quoque
1430 1871 1607 1936 spiritus
1644 1873 1752 1920 boni
1786 1871 1990 1935 adjuncti
2010 1872 2129 1931 sunt,
2164 1886 2218 1922 ut

243 1956 323 2003 per
359 1941 457 1986 illos
495 1940 772 1986 detineantur
810 1954 835 1986 a
872 1939 1002 1994 malo,
1030 1951 1254 2001 quantum
1294 1937 1495 2002 poffibile
1528 1937 1626 1994 est;
1663 1937 1737 1985 sed
1773 1938 2035 1986 immediata
2055 1955 2216 1988 eorum

245 2004 502 2068 conjunc‘tio
541 2004 603 2050 est
637 2020 744 2052 cum
783 2003 908 2050 malis
943 2003 1165 2067 spiritibus
1188 2005 1268 2068 qui
1291 2005 1628 2052 communicant
1650 2019 1756 2051 cum
1781 2002 1979 2061 InfernO,
2012 2005 2133 2052 unde
2156 2006 2218 2052 eis

243 2071 350 2118 tales
373 2069 488 2126 sunt,
523 2069 673 2131 quales
709 2069 790 2132 ipsi
827 2069 1031 2116 homines
1068 2068 1201 2125 sunt;
1235 2070 1267 2116 st
1303 2082 1503 2117 amantes
1542 2068 1625 2125 sui,
1660 2071 1734 2116 vel
1756 2081 1955 2116 amantes
1980 2069 2109 2126 lucri,
2145 2071 2219 2118 vel

242 2147 436 2183 amantes
458 2135 698 2191 vindictae,
727 2134 799 2181 vel
839 2146 1053 2182 amantes.
1074 2134 1278 2183 adulterii
1317 2134 1434 2192 sunt,
1457 2133 1646 2198 spiritus
1686 2133 1849 2181 similes
1886 2133 2058 2190 adsunt,
2095 2136 2216 2182 &in

241 2217 399 2249 eorum
439 2200 745 2248 affectionibus
785 2199 913 2248 malis
951 2200 1072 2265 quasi
1107 2201 1335 2256 habitant·,
1373 2202 1420 2249 δε
1444 2200 1527 2258 illi,
1563 2211 1782 2263 quantum
1807 2200 1947 2247 homo
1969 2216 2059 2248 non
2083 2202 2219 2248 arceri

242 2266 385 2330 potest
409 2282 433 2314 a
457 2265 575 2314 malo
596 2282 677 2329 per
699 2265 840 2313 bonos
863 2265 1058 2330 spiritus,
1083 2278 1257 2314 tantum
1281 2266 1531 2314 accendunt
1554 2265 1702 2322 illum,
1724 2266 1774 2313 δε
1796 2278 2019 2328 quantum
2042 2266 2220 2315 affectio

241 2344 397 2395 regnat
434 2344 608 2380 tanturn
651 2331 879 2379 adhaerent
919 2348 1000 2380 nec
1038 2333 1267 2381 recedunt.
1337 2333 1405 2380 Ita
1437 2331 1580 2380 homo
1602 2331 1748 2379 malus
1769 2330 2035 2395 conjunctus
2058 2331 2121 2380 est
2146 2333 2215 2379 in-

240 2396 384 2454 ferno,
420 2400 467 2445 &
490 2397 630 2444 homo
653 2397 798 2445 bonus
820 2395 1086 2461 conjunctus
1107 2399 1170 2447 est
1191 2399 1329 2446 coelo.

308 2463 418 2525 296.
454 2463 598 2525 Qod
634 2462 774 2510 homo
813 2476 989 2526 regatur
1026 2480 1106 2527 per
1144 2464 1318 2528 spiritus
1350 2479 1375 2512 a
1398 2464 1619 2521 Domino,
1654 2462 1852 2528 estquia
1874 2479 1964 2512 non
1986 2464 2030 2511 in
2055 2463 2219 2512 ordine

242 2529 367 2576 Coeli
392 2528 470 2584 est,
506 2528 697 2576 nascitur
718 2530 839 2576 enim
862 2531 908 2576 in
932 2529 1048 2577 mala
1069 2546 1176 2593 quae
1199 2529 1357 2577 inferni
1378 2529 1495 2587 sunt,
1530 2532 1592 2577 ita
1615 2530 1790 2594 prorsus
1813 2543 1967 2578 contra
1989 2531 2218 2577 Divinum

240 2594 462 2651 ordinem,
499 2607 770 2658 quapropter
805 2595 1075 2658 redigendus
1113 2596 1175 2644 est
1215 2597 1260 2642 in
1298 2597 1524 2652 ordinem,
1557 2597 1605 2643 &
1640 2611 1729 2643 non
1771 2596 1914 2658 redigi
1953 2596 2096 2659 potest
2137 2596 2216 2643 nisi

244 2661 434 2708 mediate
475 2676 551 2723 per
589 2660 799 2723 spiritus·,
850 2660 973 2708 aliter
1009 2658 1124 2709 foret
1162 2662 1194 2708 fi
1231 2661 1374 2710 homo
1411 2661 1655 2709 nasceretur
1692 2663 1739 2708 in
1781 2662 1951 2708 bonum
1991 2661 2115 2724 quod
2153 2661 2221 2708 est

243 2724 486 2773 secundum
512 2727 716 2772 ordinem
741 2726 880 2783 Coeli,
917 2739 1025 2774 tunc
1048 2743 1137 2774 non
1163 2741 1386 2790 regeretur
1409 2744 1433 2774 a
1455 2727 1658 2774 Domino
1697 2742 1776 2790 per
1813 2725 2005 2789 spiritus,
2040 2725 2112 2773 sed
2137 2742 2217 2790 per

244 2790 387 2852 ipsum
424 2793 646 2846 ordinem,
693 2793 751 2838 ita
788 2807 867 2853 per
905 2793 1127 2839 influxum
1166 2808 1473 2841 communem.
1543 2793 1627 2839 Per
1647 2792 1767 2838 hunc
1791 2792 2012 2839 influxum
2048 2794 2216 2854 regitur

245 2856 386 2902 hoino
423 2858 570 2920 quoad
611 2857 683 2904 illa
723 2872 828 2920 quae
866 2856 1114 2919 procedunt
1153 2872 1177 2903 a
1215 2859 1488 2920 cogitatione
1522 2858 1571 2905 &
1605 2858 1834 2904 voluntate
1869 2858 1915 2903 in
1951 2859 2119 2913 actum,
2155 2860 2218 2906 ita

241 2921 391 2982 quoad
412 2921 606 2986 loquelas
632 2925 679 2970 &
701 2922 847 2985 quoad
873 2922 1083 2978 actiones,
1116 2939 1222 2973 nam
1249 2923 1318 2970 hae
1341 2925 1390 2971 δε
1427 2923 1516 2969 illae
1548 2923 1695 2970 fluunt
1730 2923 1972 2970 secundum
2006 2923 2211 2970 ordinem

244 2985 504 3042 naturalem,
537 3005 643 3036 curn
668 2988 830 3051 quibus
853 2988 956 3034 ideo
979 2987 1154 3051 spiritus
1175 2990 1253 3052 qui
1282 2987 1478 3051 adjunffl
1511 2987 1609 3036 sunt
1640 2989 1814 3037 homini
1837 2989 1947 3036 nibil
1970 2995 2215 3038 commune

245 3052 420 3098 habent.
491 3052 575 3100 Per
598 3054 820 3101 influxum
847 3068 1140 3101 communem
1175 3071 1200 3101 e
1235 3055 1408 3102 mundo
1447 3053 1662 3117 spirituali
1696 3055 1828 3101 etiam
1866 3067 2083 3118 reguntur
2119 3057 2211 3103 ani·

246 3117 394 3173 maiia,
430 3116 534 3179 quia
556 3117 651 3168 haec
676 3123 722 3168 in
744 3119 898 3186 ordine
923 3117 1012 3168 suae
1034 3121 1144 3186 vitae
1166 3118 1283 3178 sunt,
1318 3136 1416 3173 nec,
1436 3119 1564 3169 illum
1604 3132 1846 3183 potuerunt
1879 3132 2127 3233 perxzierstkerre
2160 3121 2209 3166 &

2005 3202 2029 3235 e
2093 3200 2211 3247 uere,
