2546 3786
588 238 714 304 nn
776 236 1154 303 conto
1210 255 1306 300 m
1362 219 1967 340 1NF‘ERN0.
2180 240 2261 325 91

281 387 396 436 quae
435 372 575 421 homo
608 388 699 421 non
801 368 1051 421 test-'mille
1082 367 1293 427 vocibus,
1340 369 1387 418 &
1411 385 1595 434 quoque
1633 371 1748 420 ideae
1781 371 2067 436 cogitationis
2102 386 2261 421 eorum

284 439 680 504 comprehendunt
718 491 737 508 r
758 439 963 498 νῐεῗῐῐμιπ
995 434 1138 483 homo
1162 451 1251 482 non
1284 437 1420 498 capit,
1466 438 1615 484 minus
1646 438 1794 500 eloqui
1829 438 2003 500 potest:
2042 438 2146 485 inde
2178 439 2259 494 est,

285 508 427 567 quodi
457 505 515 552 lla
537 521 644 569 quae
665 500 873 551 irrecelo
904 501 1054 549 audita
1077 502 1126 549 &
1149 502 1239 548 visa
1271 501 1387 558 sunt,
1425 502 1629 550 dicantur
1650 504 1902 560 ineffabilia,
1939 506 1992 552 δε
2019 505 2121 552 talia
2151 519 2258 567 quae

284 572 502 636 nusquam
527 566 835 618 au‘risaudivit
856 566 905 614 &
929 567 1087 614 oculus
1110 567 1239 615 vidit.
1292 568 1436 626 Quod
1467 570 1526 615 ita
1549 570 1618 626 fit,
1659 570 1792 616 etiarn
1827 586 1906 633 per
1938 571 2255 631 experientiam

283 636 391 685 scire
414 632 699 687 datumss,efl;
743 633 1016 696 quandoque
1057 633 1207 680 miffus
1241 632 1337 680 sum
1374 636 1419 681 in
1454 633 1686 693 statumin
1726 651 1822 698 quo
1847 636 2015 697 Angeli
2053 634 2171 691 sunt,
2205 636 2256 682 δε

283 705 330 751 in
363 720 418 751 eo
445 700 556 749 statu
579 698 794 760 loquutus
818 696 916 745 sum
940 698 1174 755 cumillis,
1210 701 1261 747 &
1293 712 1401 747 tunc
1436 701 1632 747 intellexi
1655 703 1824 758 omnia,
1860 700 1934 748 sed
1956 717 2063 748 cum
2097 701 2252 748 remis-

283 769 354 817 sus
386 769 484 815 sum
501 766 551 811 ¹in
575 764 736 811 statum
761 780 916 811 meum
940 764 1198 827 pristinum,
1236 766 1286 812 δε
1310 765 1369 812 fic
1399 767 1445 812 in
1468 767 1788 828 cogitationem
1813 767 2055 815 naturalem
2080 768 2254 814 homini

281 832 526 899 propriam,
577 831 626 876 ὅτ
666 830 923 893 recolligere
954 830 1078 877 volui
1118 845 1226 892 quae
1256 830 1426 885 audivi,
1467 846 1558 876 non
1592 834 1751 894 potui3
1798 845 1920 880 erant
1948 835 2070 880 enirn
2111 833 2252 879 millia

275 913 382 965 quae
415 912 506 944 non
540 896 772 959 adaequata
794 907 916 942 erant
935 895 1047 957 ideis
1064 895 1350 957 cogitationis
1381 895 1604 950 naturalis,
1639 897 1700 942 ita
1721 912 1811 943 non
1832 899 2134 960 expreffibilia,
2173 898 2252 944 nili

275 965 525 1027 §blum’per
546 962 866 1024 variegationes
904 960 1015 1009 lucis
1044 960 1254 1017 coelestiS,
1289 962 1338 1008 δε
1360 959 1420 1006 fic
1458 960 1706 1008 nullatenus
1746 978 1826 1024 per
1846 978 1981 1008 voces
2016 964 2248 1010 humanaS.

273 1030 397 1079 Ideae
419 1029 705 1091 cogitationis
737 1026 1019 1090 angelorum,
1057 1026 1297 1090 exquibus
1333 1041 1468 1073 voces
1501 1041 1676 1083 eorum,
1717 1026 1817 1074 sunt
1851 1043 2034 1090 quoque
2075 1030 2255 1075 modifi-

273 1097 467 1144 cationes
503 1094 616 1141 lucis
650 1092 774 1149 coeli,
809 1094 860 1141 &
882 1092 1135 1153 affeffiones
1171 1108 1231 1139 ex
1269 1092 1436 1155 quibus
1476 1091 1608 1140 sonus
1632 1109 1820 1150 vocum,
1860 1094 1959 1140 sunt
1996 1094 2257 1141 variationes

274 1162 428 1210 caloris
452 1160 575 1215 coeli,
611 1159 828 1223 quoniam
851 1159 963 1206 Lux
990 1159 1115 1206 Coeli
1147 1157 1211 1206 est
1232 1159 1456 1206 Divinum
1480 1158 1655 1206 Verum
1682 1158 1753 1206 seu
1778 1159 2012 1222 Sapientia,
2047 1160 2096 1207 &
2123 1159 2254 1206 Calor

274 1228 398 1276 Coeli
435 1226 499 1274 est
537 1227 763 1273 Divinum
788 1226 971 1271 Bonum
1016 1223 1088 1271 seu
1114 1228 1281 1280 Amor,
1320 1225 1528 1271 videatur
1566 1224 1694 1288 supra
1730 1242 1788 1272 n:
1820 1225 1910 1271 126
1949 1226 2005 1271 ad
2045 1241 2155 1283 140,
2199 1225 2249 1271 δε

273 1310 330 1341 ex
353 1293 528 1341 Divino
550 1294 727 1342 Amore
757 1289 820 1338 est
850 1289 1043 1354 Angelis
1077 1290 1270 1346 affectio,
1311 1289 1361 1337 δε
1400 1306 1470 1337 ex0
1488 1291 1661 1338 Divina
1695 1291 1915 1354 Sapientia
1952 1289 2016 1337 est
2053 1290 2140 1338 illis
2175 1305 2251 1338 co-

274 1361 435 1424 gitatio
451 1360 602 1420 (mm).
1731 1402 1735 1406 .

267 1425 269 1427 ’
337 1441 450 1484 240.
487 1424 611 1488 Qia
634 1422 841 1486 Loquela
858 1422 1143 1485 Angelorum
1169 1421 1427 1470 immediate
1451 1422 1655 1486 procedit
1692 1438 1749 1470 ex
1788 1422 2020 1471 affectione
2049 1423 2249 1479 illorum,

272 1507 378 1539 nam
404 1501 455 1538 ut
478 1489 605 1553 supra
640 1505 693 1535 n:
720 1489 813 1551 236
837 1488 1012 1552 dictum
1037 1488 1115 1545 est,
1142 1489 1256 1550 ideae
1278 1490 1561 1551 cogitationis
1584 1488 1684 1535 sunt
1706 1490 1839 1535 variae
1862 1488 2041 1545 formae,
2073 1492 2119 1536 in
2141 1505 2252 1552 quas

273 1557 449 1604 affeffio
472 1555 730 1603 communis
765 1552 999 1600 distributa
1029 1553 1108 1609 est,
1143 1554 1248 1600 ideo
1282 1555 1462 1618 poffunt
1485 1554 1656 1616 Angeli
1696 1555 1808 1600 intra
1833 1557 2062 1602 minutum
2101 1556 2250 1617 expri-

273 1638 394 1670 mere
421 1621 508 1668 illa
544 1635 651 1683 quae
690 1618 830 1665 horno
862 1635 954 1665 non
978 1619 1122 1681 potest
1161 1620 1276 1666 intra
1314 1619 1620 1675 semihorium,
1660 1619 1709 1666 ὅτ,
1744 1635 1926 1682 quoque
1958 1620 2136 1683 poffunt
2173 1635 2253 1682 per

271 1689 443 1751 aliquot
459 1680 600 1733 'voces
622 1683 764 1732 sistere
784 1699 889 1747 quae
913 1684 1072 1748 scripta
1094 1684 1195 1732 sunt
1218 1684 1420 1748 pluribus
1458 1685 1633 1748 paginis
1655 1702 1666 1732 :
1725 1685 1813 1732 hoc
1835 1701 2019 1748 quoque
2043 1686 2252 1733 testatum

270 1753 333 1800 est
372 1753 482 1800 mihi
516 1767 596 1815 per
635 1751 812 1815 plurem
846 1751 1163 1813 experientiam
1185 1753 1302 1809 (nn).
1374 1751 1494 1798 Ideae
1528 1751 1813 1814 cogitationis
1850 1752 2155 1814 Angelorum,
2203 1755 2253 1800 δε

271 1835 405 1867 voces
443 1817 637 1880 loquelae
671 1815 873 1872 illorum,
912 1818 972 1862 ita
1009 1832 1154 1863 unum
1188 1816 1373 1872 faciunt,
1419 1815 1531 1863 sicut
1569 1816 1695 1864 causa
1728 1817 1922 1864 efficiens
1963 1819 2010 1864 δε
2046 1816 2249 1873 εέΐεξὶυε,

271 1901 376 1932 nam
400 1883 564 1931 sistitur
587 1884 632 1929 in
657 1881 846 1929 vocibus
860 1882 915 1928 “in
938 1881 1101 1929 effectu
1124 1883 1251 1944 quod
1273 1884 1324 1928 in
1344 1882 1454 1930 ideis
1475 1882 1762 1945 cogitationis
1793 1882 1856 1929 est
1889 1884 1935 1930 in
1960 1883 2110 1938 causa;
2146 1885 2250 1931 inde

270 1950 334 1997 est
357 1950 483 2013 quod
521 1947 783 2010 unaquaevis
807 1962 901 1994 vox
938 1948 984 1993 in
1023 1946 1066 1993 se
1101 1946 1454 2010 comprehendat
1488 1959 1579 1994 tarn
1620 1948 1777 1994 multa.
1847 1949 2086 2012 Apparent
2114 1950 2250 1995 etiam

271 2015 443 2077 lingula
474 2014 780 2076 cogitationis,
820 2013 870 2058 δε
906 2012 1010 2058 inde
1034 2011 1207 2073 fingula
1240 2012 1434 2074 loquelae
1457 2012 1765 2074 Angelorum,
1802 2029 1909 2060 cum
1949 2013 2157 2060 sistuntur
2179 2016 2252 2060 vi-

269 2081 383 2136 deri,
418 2080 529 2126 ficut
554 2079 695 2125 tenuis
719 2076 840 2123 unda
870 2075 942 2122 seu
977 2076 1304 2139 athmosphaera
1342 2078 1676 2133 circumfluens,
1718 2079 1764 2123 in
1786 2094 1875 2140 qua
1908 2078 2007 2124 sunt
2040 2080 2248 2128 innume-

270 2147 423 2193 rabilia
446 2145 491 2191 in
515 2143 594 2191 suo
617 2144 790 2198 ordine,
829 2157 936 2205 quae
959 2157 1014 2189 ex
1039 2141 1247 2205 sapientia
1270 2142 1472 2198 illorum,
1512 2143 1562 2190 ὅτ
1585 2158 1691 2205 quae
1725 2144 1891 2190 intrant
1921 2143 2097 2189 alterius
2121 2149 2256 2206 cogi-⁷

272 2213 489 2259 tationem
511 2211 560 2258 δε
585 2210 801 2257 afficiunt.
870 2207 991 2255 ldeae
1011 2209 1296 2271 cogitationis
1331 2206 1525 2271 cujusvis
1561 2221 1655 2255 tam
1679 2209 1848 2270 Angeli
1882 2225 2019 2272 quam
2055 2211 2252 2258 hominis

269 2277 479 2324 sistuntur
500 2275 711 2323 videndas
749 2277 795 2321 in
819 2273 918 2321 luce
940 2274 1080 2330 Coeli,
1118 2274 1300 2337 quando
1322 2274 1528 2321 Domino
1550 2275 1694 2337 placet
1712 2276 1828 2335 (oo).

340 2360 449 2403 24¹·
486 2341 657 2404 Angeli
694 2341 775 2404 qui
806 2355 833 2386 e
865 2340 1033 2402 Regno
1070 2339 1242 2387 coelesti
1281 2340 1474 2387 Domini
1513 2338 1632 2396 sunt,
1677 2340 1926 2402 loquuntur
1963 2340 2165 2388 fimiliter
2198 2354 2251 2390 ut

273 2408 445 2472 Angeli
485 2408 567 2471 qui
605 2423 630 2454 e
665 2409 832 2469 Regno
869 2404 1082 2468 spirituali
1122 2406 1348 2461 Domini3
1396 2404 1469 2453 sed
1504 2405 1678 2468 Angeli
1716 2405 1916 2453 coelestes
1951 2422 2007 2453 ex
2045 2408 2250 2455 interiore

2121 2488 2250 2535 cogi-

283 2580 285 2584 '
330 2581 451 2636 (mm)
483 2578 607 2632 Qod
628 2581 727 2622 ideae
756 2579 1009 2634 angelorum,
1041 2593 1090 2620 ex
1109 2579 1250 2633 quibus
1283 2578 1520 2633 loquuntur,
1556 2577 1656 2620 fiant
1689 2593 1759 2634 per
1790 2576 1889 2621 lucis
1922 2579 2018 2621 coeli
2051 2579 2250 2621 mirabiles

270 2638 574 2693 variegationes,
607 2651 662 2678 n:
685 2638 805 2691 1646.
829 2650 954 2693 3343.
992 2636 1119 2692 3693.
1909 2639 1911 2643 ’

331 2697 351 2748 (
355 2699 429 2752 nn)
461 2693 586 2748 Qiod
608 2694 752 2749 Angeli
773 2696 996 2748 exprimere
1015 2694 1159 2747 poffint
1177 2706 1247 2746 per
1268 2692 1376 2735 suam
1402 2692 1601 2748 loquelam
1622 2700 1833 2733 momento
1852 2691 1962 2746 plura
1984 2705 2102 2745 quam
2124 2693 2248 2736 homo

274 2765 344 2807 per
359 2753 612 2794 femihorium
633 2765 701 2805 per
718 2751 850 2802 suam,
869 2750 909 2791 ὅτ
927 2751 1034 2804 quod
1055 2751 1177 2791 etiam
1197 2750 1291 2791 talia
1310 2764 1400 2805 quae
1420 2750 1461 2791 in
1481 2763 1600 2791 voces
1616 2750 1764 2804 linguae
1778 2750 1960 2791 humanae
1980 2763 2061 2790 non
2082 2751 2247 2803 cadunt,

275 2823 330 2851 n:
352 2809 475 2863 1641.
501 2809 624 2861 1642.
652 2808 775 2863 1643.
802 2809 924 2861 1645.
946 2808 1077 2863 4609.
1102 2807 1230 2862 7089.
1608 2832 1613 2841 ι

335 2867 420 2922 (oo)
452 2865 576 2919 Qod
607 2866 649 2906 in
683 2879 763 2906 una
788 2864 888 2905 'idea
915 2864 1168 2918 cogitationis
1200 2861 1503 2905 innumerabilia
1540 2861 1673 2911 insint,
1720 2876 1773 2903 n:
1796 2862 1920 2904 1008.
1958 2862 2080 2920 1869.
2115 2866 2244 2921 4946.

277 2923 404 2978 6613.
425 2924 551 2977 6614.
575 2922 851 2979 6615.*6617.
875 2921 1003 2963 6618.
1062 2919 1184 2974 Qiod
1208 2921 1304 2962 ideae
1337 2921 1583 2976 cogitationis
1603 2921 1773 2961 hominis
1804 2920 2027 2973 aperiantur
2050 2924 2089 2962 in
2123 2923 2247 2963 altera

274 2981 374 3030 vita,
404 2979 442 3020 δι
464 2980 511 3021 ad
533 2981 672 3022 vivum
705 2978 884 3019 sistantur
904 2978 1104 3027 videndae,
1136 2978 1268 3032 quales
1289 2976 1392 3027 sunt,
1425 2992 1478 3019 n:
1506 2978 1624 3033 1869·
1651 2990 1777 3034 3310.
1809 2990 1934 3032 5510·
1996 2977 2146 3031 Qale's
2176 2994 2245 3033 ap-

275 3046 433 3090 parent,
466 3037 662 3079 n26201.
694 3037 818 3090 8885.
879 3034 1002 3088 Qod
1034 3037 1132 3077 ideae
1156 3035 1402 3090 Angelorum
1444 3035 1577 3088 intimi
1609 3034 1715 3075 Coeli
1750 3045 1960 3088 appareant
1997 3035 2113 3091 instar
2147 3037 2243 3077 lucis

275 3093 489 3140 flammeae,
515 3094 715 3148 11:6615.
766 3092 890 3146 Qod
924 3094 1022 3133 ideae
1041 3092 1292 3148 Angelorum
1322 3092 1452 3134 ultimi
1482 3090 1591 3134 Coeli
1621 3101 1833 3146 appareant
1853 3091 1969 3132 instar
1990 3094 2155 3133 nubium
2185 3103 2244 3133 te-

277 3150 422 3191 nuium
461 3150 734 3201 candidarum,
767 3165 820 3191 n:
843 3151 969 3202 6614.
1032 3149 1126 3191 Idea
1160 3150 1238 3190 visa
1265 3149 1428 3204 Angeli,
1473 3164 1496 3190 e
1527 3163 1606 3204 qua
1633 3149 1797 3190 radiatio
1827 3150 1871 3189 ad
1907 3148 2150 3198 Dominum,
2185 3163 2241 3189 n:

281 3207 409 3258 6620.
472 3203 594 3257 Qod
618 3206 716 3248 ideae
742 3207 1002 3261 ⁴cogitationis
1033 3207 1070 3249 se
1101 3206 1318 3249 extendant
1348 3205 1478 3262 ample
1509 3206 1550 3249 in
1574 3207 1775 3250 societates
1809 3206 2041 3262 angelorum
2072 3207 2246 3248 circum-

280 3266 404 3315 circa,
439 3262 619 3320 n26598
646 3263 694 3305 ad
716 3262 857 3323 6613.ἱ
1198 3319 1250 3362 Μ
1384 3268 1386 3270 ’

1283 3333 1308 3364 2
