2546 3786
319 263 459 326 268
627 231 742 326 ΒΕ
807 259 1170 325 coELo
1229 280 1326 322 m-
1385 258 1971 324 INFERNO.

326 386 466 450 Plaga
503 384 829 449 septentrionali
857 386 906 434 &
944 383 1239 440 meridionali,
1281 382 1327 430 &
1365 381 1447 439 illi,
1486 386 1571 447 ‘qui
1604 385 1665 432 ibi
1698 383 1816 443 sunt,
1851 394 2069 435 vocantur
2091 385 2302 450 Spiritus.

326 453 501 499 Omnes
524 453 604 514 qui
638 452 684 498 in
706 453 875 514 Regno
907 449 1079 497 coelesti
1117 447 1234 505 sunt,-
1270 449 1317 494 in
1345 462 1497 496 amore
1536 448 1596 495 iri‘
1620 453 1877 502 Dominum
1914 451 2032 509 sunt,
2065 453 2116 501 ὅτ
2139 469 2299 502 omnes

323 518 403 579 qui
445 518 491 563 in
516 516 707 563 Infernis
737 518 800 563 illi
825 519 992 578 Regno
1025 514 1241 578 oppositis
1264 512 1381 570 sunt,
1420 513 1469 559 in
1508 528 1662 563 amore
1683 514 1749 562 fui
1780 517 1911 574 sunt3
1957 531 2003 565 at
2023 535 2181 566 omnes
2215 520 2297 584 qui

323 583 370 628 in
396 583 561 646 Regno
601 582 811 645 sp‘rituali
851 580 968 637 sunt,
1005 580 1050 627 in
1084 595 1236 627 amore
1267 594 1373 642 erga
1405 579 1669 641 proximum
1705 577 1823 636 sunt,
1860 595 1904 630 at
1937 598 2095 631 omnes
2131 586 2210 649 qui
2248 587 2295 633 in

324 646 513 696 Infernis
545 647 609 695 illi
633 648 798 709 Regno
819 646 1035 710 oppositis
1057 645 1180 702 sunt,
1213 646 1259 692 in
1294 660 1446 692 amore
1479 645 1641 692 mundi
1677 643 1778 693 sunt
1795 651 1826 700 ς’
1850 646 1950 695 inde
1973 652 2136 713 patuit,
2169 652 2296 714 quod

323 716 477 761 Amor
499 715 544 759 in
568 713 825 763 Dominum
865 714 915 759 ὅτ
939 713 1091 760 Amor
1129 711 1193 758 sui
1233 711 1318 758 fint
1340 710 1534 773 op'pofiti
1553 731 1573 766 ς,
1609 710 1810 757 similiter
1832 711 1982 760 Amor
2015 730 2119 778 erga
2142 719 2296 779 proxi-

322 795 455 827 mum
490 780 539 825 &
562 779 712 825 Amor
749 779 926 824 mundi.
999 776 1268 824 Providetur
1282 774 1455 839 jugiter
1476 791 1503 823 a
1523 777 1747 832 Domino,
1771 786 1824 822 ut
1847 790 1940 822 non
1957 779 2123 842 aliqtnd
2146 783 2298 830 effluat

321 860 379 892 ex
411 841 601 891 infernis
632 843 848 906 oppofitis
871 845 1038 907 Regno
1074 841 1242 891 coelesti
1263 841 1456 890 Domini
1491 841 1640 889 versus
1669 840 1770 889 illos
1791 842 1870 904 qui
1909 841 1956 887 in
1977 844 2138 906 Regno
2170 847 2297 912 spiri-⁴

322 909 432 958 tuali
456 909 575 966 sunt,
608 925 715 957 narn
744 910 775 956 si
802 910 887 956 hoc
910 910 1052 965 fieret,
1085 910 1247 973 periret
1270 910 1484 971 Regnum
1523 906 1758 971 spirituale,
1798 906 1926 954 causa
1950 908 2150 962 videatur
2173 915 2300 976 supra

321 992 353 1023 n
374 993 384 1021 :
407 978 516 1040 578.
544 991 656 1039 579.
725 976 849 1023 Haec
872 975 969 1024 duo
988 974 1252 1023 communia
1265 974 1539 1038 AEquilibria
1560 972 1678 1031 sunt,
1711 988 1818 1036 quae
1852 989 1878 1020 a
1898 974 2105 1023 Domino
2127 973 2299 1041 jugiter

322 1040 430 1090 sarta
451 1042 783 1091 conservantur.
1022 1039 1030 1041 ⁴
1684 1043 1689 1045 ’

320 1247 326 1252 ·
374 1206 609 1319 Qod
666 1205 894 1282 homo
956 1202 1029 1281 in
1080 1201 1347 1282 Libero
1413 1200 1497 1282 fit
1553 1230 1679 1310 per
1719 1202 2245 1311 AEquilibrium

744 1315 927 1395 inter
969 1318 1274 1396 Coelum
1314 1317 1396 1397 ὅτ
1437 1316 1839 1396 Infernum.
2296 1378 2300 1382 ,

314 1519 427 1568 597.
542 1501 762 1551 UPRA
793 1502 946 1551 aCtum
985 1502 1050 1555 est
1083 1502 1141 1550 de
1178 1500 1459 1566 AEquilibrio
1490 1502 1606 1551 inter
1643 1501 1834 1551 Coelum
1875 1501 1927 1550 ὅτ
1959 1499 2212 1560 Infernum‚
2249 1506 2301 1554 ὅτ
2363 1557 2365 1559 ,

447 1505 531 1631 S
565 1567 790 1617 ostensum
825 1568 952 1632 quod
975 1567 1306 1633 AEquilibrium
1353 1568 1467 1617 illud
1506 1568 1562 1616 fit
1592 1568 2076 1644 AEquilibriumjnter
2115 1570 2306 1634 Bonurrr

307 1635 448 1758 3553,
470 1634 1124 1763 255¹01’230Y23221531‘235
1154 1632 1443 1745 ffifflo,
1461 1634 2298 1761 320‘iuffiqfli‘nfflsssssssszaiffiz

307 1766 387 1815 sua
406 1765 582 1814 effentia
603 1765 659 1812 fit
679 1763 920 1819 Liberum,
956 1762 1022 1809 est
1054 1763 1159 1824 quia
1186 1761 1249 1807 est
1272 1763 1386 1807 inter
1408 1760 1585 1808 bonum
1607 1760 1657 1807 &
1681 1762 1871 1817 malum,
1906 1777 1974 1808 ac*
1991 1763 2104 1810 inter
2134 1774 2297 1814 verum

307 1833 362 1880 ὅτ
383 1829 560 1886 falsum,
597 1831 645 1876 ὅτ
670 1828 769 1875 haec
792 1828 892 1875 sunt
914 1826 1185 1891 spiritualia;
1221 1836 1494 1890 quapropter
1522 1824 1643 1889 poffe
1667 1824 1783 1872 velle
1807 1825 1982 1873 bonum
2004 1839 2080 1873 aut
2103 1830 2295 1889 malum,

307 1897 360 1945 ὅτ
382 1896 578 1958 cogitare
604 1909 765 1942 verum
798 1905 876 1942 aut
898 1892 1076 1950 falsum,
1116 1908 1167 1940 ac
1193 1892 1356 1956 eli-gere
1379 1907 1524 1939 unum
1557 1907 1654 1957 prae
1683 1890 1839 1949 altero,
1873 1891 1937 1939 est
1958 1890 2200 1952 Liberum,
2236 1896 2295 1944 de

306 1977 407 2026 quo
427 1961 499 2009 hic
531 1960 694 2024 agitur.
765 1961 877 2008 Hoc
902 1960 1124 2008 Liberum
1158 1958 1293 2006 datur
1325 1958 1555 2006 unicuivis
1587 1957 1764 2006 homini
1796 1975 1822 2006 a
1844 1957 2071 2016 Domino,
2109 1976 2190 2008 nec
2224 1961 2296 2009 us-

303 2043 446 2091 quam
470 2025 704 2082 aufertur;
743 2026 808 2074 est
841 2026 1030 2089 quidem
1064 2041 1120 2073 ex
1154 2024 1227 2073 sua
1261 2025 1437 2087 origine
1475 2039 1566 2072 non
1606 2022 1806 2072 hominis
1840 2022 1913 2071 sed
1938 2024 2146 2083 Domini,
2185 2029 2293 2091 quia

305 2094 371 2142 est
409 2110 435 2140 a
455 2094 686 2149 Domino,
715 2104 760 2139 at
797 2091 936 2155 usque
963 2097 1080 2147 'cu-m
1096 2092 1192 2138 vita
1222 2091 1417 2141 donatur
1450 2090 1625 2138 homini
1662 2090 1776 2138 ficut
1809 2088 1940 2137 suum
1966 2111 1981 2146 ;
2022 2091 2073 2138 ὅτ
2111 2092 2198 2139 hoc
2232 2107 2288 2140 ex

306 2158 449 2216 causa,
483 2170 536 2206 ut
558 2159 700 2207 homo
722 2159 854 2221 poffit'
890 2155 1120 2205 reformari
1155 2159 1205 2205 ὅτ
1238 2156 1406 2213 salvari,
1449 2172 1555 2204 nam
1593 2155 1757 2219 absque
1779 2155 1950 2205 Libero
1989 2155 2114 2204 nulla
2151 2157 2291 2206 refor-

305 2226 449 2273 matio
471 2227 519 2272 &
543 2223 737 2272 salvatio.
808 2224 1009 2287 Quisque
1039 2240 1095 2271 ex
1126 2222 1362 2271 intuitione
1394 2221 1542 2286 aliqua
1577 2222 1775 2269 rationali
1796 2222 1949 2268 videre
1969 2222 2130 2284 potest,
2165 2225 2293 2287 quod

305 2293 353 2340 in
384 2291 580 2338 hominis
603 2290 743 2337 libero
781 2289 834 2337 fit
871 2292 1069 2353 cogitare
1108 2288 1222 2336 male
1244 2289 1317 2337 vel
1353 2288 1483 2345 bene,
1521 2287 1682 2337 fincere
1705 2287 1778 2335 vel
1812 2287 2038 2344 infincere,
2069 2286 2188 2351 juste
2216 2291 2291 2338 vel

304 2353 497 2420 injuste3
535 2357 586 2403 ὅτ
608 2371 790 2419 quoque
813 2357 939 2418 quod
963 2358 1094 2419 poffit
1115 2355 1242 2418 loqui
1276 2356 1325 2402 &
1347 2370 1476 2418 agere
1506 2353 1635 2412 bene,
1667 2353 1830 2401 smeere
1857 2355 1906 2400 &
1928 2351 2065 2417 juste,
2100 2354 2173 2402 sed
2197 2373 2290 2404 non

303 2423 436 2479 male,
472 2422 683 2469 insincere
707 2425 755 2470 ὅτ
777 2420 936 2484 injuste
959 2433 1144 2484 propter
1165 2421 1286 2484 leges
1317 2419 1575 2484 spirituales,
1599 2420 1789 2468 morales
1811 2419 1862 2466 ὅτ
1883 2419 2053 2476 civiles,
2076 2436 2156 2483 per
2178 2439 2289 2486 quas

301 2501 538 2536 externum
561 2491 655 2550 ejus
678 2499 853 2535 tenetur
878 2488 922 2534 in
947 2487 1153 2535 vinculis.
1225 2487 1299 2534 Ex
1331 2487 1402 2534 his
1427 2497 1571 2550 patet,
1600 2486 1726 2549 quod
1752 2485 1926 2550 spiritus
1953 2486 2167 2544 hominis,
2203 2490 2287 2551 qui

303 2554 366 2602 est
388 2555 467 2617 qui
493 2555 664 2616 cogitat
687 2555 736 2600 ὅτ.
758 2553 858 2600 vult
880 2553 932 2614 fit
955 2554 1001 2600 in
1025 2554 1181 2609 libero,
1217 2568 1308 2600 non
1341 2554 1403 2600 ita
1423 2564 1660 2615 externum
1683 2551 1897 2609 hominis,
1932 2552 2060 2616 quod
2085 2552 2286 2617 loquitur

305 2623 355 2668 ὅτ
381 2621 490 2682 agit,
525 2619 603 2666 nisi
638 2619 723 2666 hoc
751 2619 805 2665 sit
837 2618 1085 2666 secundum
1120 2618 1386 2682 supradictas
1418 2618 1555 2682 leges.

373 2688 482 2747 598.
521 2685 664 2746 Quod
691 2686 830 2732 homo
865 2701 956 2732 non
990 2687 1123 2748 poffit
1149 2682 1380 2732 reformari
1414 2685 1493 2731 nisi
1528 2685 1567 2731 ei
1597 2683 1651 2731 sit
1683 2683 1898 2741 liberum,
1934 2684 1998 2732 est
2020 2684 2125 2748 quia
2151 2684 2281 2732 nasci·

301 2762 375 2798 tur
404 2753 452 2798 in
473 2752 622 2798 omnis
643 2753 815 2813 generis
839 2752 970 2808 mala,
1004 2766 1110 2815 quae
1130 2763 1278 2799 tamen
1302 2750 1573 2798 removenda
1599 2750 1722 2807 sunt,
1751 2763 1803 2798 ut
1827 2750 1978 2798 salvari
2001 2753 2165 2813 poffit3
2201 2766 2279 2798 nec

301 2818 527 2863 removeri
561 2817 757 2879 poffunt,
793 2816 872 2863 nisi
897 2817 1048 2865 videat
1076 2817 1150 2864 illa
1180 2818 1226 2864 in
1250 2815 1308 2873 se,
1351 2818 1398 2864 &
1421 2814 1629 2879 agnoscat
1651 2815 1740 2874 illa,
1764 2817 1813 2864 ὅτ
1837 2817 1940 2864 dein
1976 2817 2088 2879 nolit
2109 2816 2193 2870 illa,
2231 2818 2280 2862 ὅτ

301 2882 485 2928 tandem
525 2882 745 2928 aversetur
775 2882 864 2939 illa,
900 2895 1008 2930 tunc
1042 2883 1246 2946 pri-mum
1271 2895 1587 2930 removentur:
1636 2881 1724 2930 hoc
1760 2898 1850 2929 non
1877 2883 1972 2930 fieri
2003 2881 2160 2945 potest,
2197 2880 2276 2927 nisi

301 2947 444 2995 homo
467 2958 559 2993 tarn
586 2949 629 2993 in
655 2947 776 2995 bono
799 2964 938 3010 quam
976 2950 1022 2996 in
1049 2949 1169 2996 malo
1191 2949 1261 3004 fit,
1295 2964 1352 2995 ex
1376 2948 1498 2997 bono
1527 2949 1650 2996 enim
1679 2948 1821 3012 potest
1843 2949 1994 2996 videre
2031 2944 2162 3009 mala,
2202 2946 2277 2994 sec}

298 3028 391 3060 non
414 3028 438 3059 a
460 3011 579 3059 malo
602 3011 749 3068 bona;
790 3013 906 3062 bona
939 3014 1176 3078 spiritualia
1210 3029 1317 3077 quae
1355 3015 1496 3062 homo
1531 3014 1729 3078 cogitare
1759 3013 1919 3078 potest,
1961 3009 2086 3056 discit
2119 3011 2175 3056 ab
2207 3013 2274 3058 in-

295 3077 433 3125 fantia
454 3093 509 3125 ex
533 3076 718 3124 lectione
742 3078 899 3134 Verbi,
933 3080 982 3127 ὅτ
1018 3096 1074 3127 ex
1096 3080 1450 3143 praedicatione3
1495 3096 1544 3128 ac
1585 3080 1701 3128 bona
1741 3078 1916 3128 moralia
1950 3076 1999 3122 ὅτ
2037 3076 2185 3123 civilia
2218 3093 2278 3125 ex

299 3146 390 3191 vita
411 3146 457 3190 in
483 3142 693 3198 mund03
729 3141 814 3191 hoc
843 3144 1046 3208 primum
1083 3145 1163 3203 est,
1199 3160 1280 3192 cur
1313 3145 1455 3193 homo
1486 3147 1530 3192 in
1565 3145 1705 3194 libero
1732 3145 1812 3192 efle
1844 3140 1989 3188 debet.
2062 3141 2277 3189 Alterum

295 3209 378 3268 est,
406 3211 530 3273 quod
554 3209 663 3258 nihil
685 3213 996 3275 approprietur
1027 3212 1221 3271 homini,
1258 3211 1336 3260 nifi
1359 3211 1489 3275 quod.
1508 3212 1563 3260 fit
1593 3227 1651 3262 ex
1683 3208 1913 3258 affeeiione
1937 3223 2043 3271 quae
2073 3210 2237 3255 amoris
2255 3231 2276 3264 ξ

2106 3274 2281 3336 rel-iqua
