2546 3786
323 269 459 346 πρε,
631 264 777 325 132-
811 247 1008 321 con
1033 247 1174 318 uo
1202 247 1207 287 ³
1234 271 1332 320 ῃ·
1365 254 1420 316 *1
1441 252 1512 318 N
1541 246 1594 318 F
1620 244 1976 318 Eut-Not

319 401 493 434 omnes.
560 384 631 433 I-lli
663 384 742 448 qui
764 393 868 432 ‘non
885 383 1177 432 'erediderunt
1194 382 1663 446 inmundo-aliquam
1685 382 2017 441 vitam-anim
2034 373 2295 446 'postvitam

321 447 551 514 eorporis,-
573 451 678 498 curn
704 447 1133 497 animadvertunt‘se
1152 447 1322 503 vivere,
1354 449 1486 503 'valde
1508 449 1771 512 pudefiunt:
1807 445 1882 493 sed
1914 447 1980 496 illi
2018 449 2099 510 qui
2132 451 2298 497 confir⁹

324 515 641 563 maverunt·¹fe‘
677 516 722 561 in
757 531 828 571 eo,
852 513 1171 561 'consociantur
1205 510 1450 568 similibus}
1475 514 1525 561 δι’
1548 513 1804 576 separantur
1828 512 1883 559 ab
1906 513 1991 559 illis
2014 514 2094 575 qui
2128 515 2173 559 in
2207 514 2306 562 fide·

321 579 532 636 sueru‘nt3
570 580 870 643 utplurimum
906 579 1148 640 alligantur
1177 575 1369 623 societati
1401 578 1583 623 cuidam
1623 577 1839 633 infernali,
1873 580 1981 639 quia
2018 577 2124 625 tales
2160 579 2296 627 etiam

322 657 541 707 negarunt
566 646 807 699 Divinum,
842 645 891 690 δε
915 642 1245 690 contemserunt
1267 656 1371 688 vera
1392 640 1637 696 Ecclefiae3
1670 653 1893 704 quantum
1917 643 2039 689 enim
2071 642 2231 705 aliquis
2255 643 2298 689 se

321 711 560 756 confirmat
590 722 754 756 contra
788 710 931 755 vitam
970 706 1063 754 suae
1099 709 1265 753 animae
1304 717 1535 763 aeternam,
1567 715 1748 764 ⁴tantum
1766 721 1953 770 quoque
1986 708 2026 755 se
2060 708 2299 756 confirmat

316 787 473 822 contra
498 775 572 822 iHa
593 790 698 837 quae
723 774 845 821 Coeli
875 775 924 821 δε
946 771 1162 820 Ecclefiae
1189 771 1304 821 sunt.

353 937 591 1048 Qod
631 939 858 1019 homo
898 936 1056 1044 post
1096 954 1408 1015 mortem
1447 933 1530 1013 fit
1565 931 1641 1011 in
1669 929 1992 1042 perfecta
2028 932 2260 1015 forma

413 1133 417 1136 ,
697 1116 701 1121 .
1131 1050 1473 1129 humana.
1824 1090 1829 1094 ·
2163 1123 2165 1127 ,
2297 1112 2301 1116 .

316 1242 381 1289 45
388 1242 430 1290 3.
617 1224 780 1273 UOD
809 1223 960 1272 forma
977 1223 1154 1289 spiritus
1169 1223 1364 1272 hominis
1387 1222 1442 1270 fit
1461 1219 1611 1271 forma
1633 1221 1844 1279 humana,
1863 1221 1950 1269 -seu
1973 1223 2098 1286 quod
2121 1222 2296 1288 spiritus

373 1311 383 1334 ,’
639 1291 692 1337 fit
730 1291 872 1337 homo
909 1293 1043 1338 etiam
1081 1289 1233 1352 quoad
1268 1288 1483 1345 formam,
1516 1287 1716 1336 constare
1737 1287 1883 1351 potest
1903 1289 2084 1345 exiliis,
2118 1305 2224 1353 quae
2246 1295 2293 1340 in

324 1380 338 1388 ν
409 1371 413 1374 ·
455 1392 458 1395 .
644 1355 849 1418 pluribus
873 1357 1091 1404 Articulis
1115 1355 1246 1418 supra
1265 1354 1431 1402 ostensa
1451 1354 1570 1410 sunt,
1604 1354 1899 1416 imprimisin
1921 1353 2008 1400 illis
2038 1355 2115 1401 ubi
2147 1355 2294 1404 osten·

313 1420 412 1467 fisrn
436 1418 519 1475 est,
553 1421 683 1482 quod
704 1420 1022 1484 Unusquisque
1043 1421 1253 1483 Angelus
1275 1419 1328 1467 fit
1350 1420 1396 1466 in
1419 1418 1617 1482 perfecta
1648 1418 1796 1466 forma
1829 1417 2024 1466 humana
2057 1437 2088 1467 n
2110 1438 2123 1467 :
2153 1437 2211 1484 73
2228 1423 2301 1482 *ad*

315 1501 410 1549 775
445 1486 495 1532 &
517 1486 645 1549 quod
659 1486 967 1549 unusquisque
1000 1486 1141 1534 homo
1173 1485 1226 1532 fit
1265 1484 1443 1549 spiritus
1476 1484 1628 1546 quoad
1666 1485 1875 1531 interiora
1913 1483 2002 1541 sua,
2037 1487 2212 1549 11:432'
2233 1488 2295 1534 ad

309 1565 444 1610 4443
479 1551 529 1597 δε
568 1552 695 1614 quod
727 1552 899 1614 Angeli
938 1553 986 1598 in
1023 1551 1161 1599 Coelo
1197 1551 1283 1598 fint
1316 1565 1374 1597 ex
1411 1550 1638 1597 Humano
1674 1564 1852 1611 genere,
1887 1565 1918 1595 n
1941 1566 1959 1597 .-
1981 1565 2070 1613 311
2096 1551 2153 1598 ad
2181 1568 2290 1616 3¹7·

309 1616 424 1663 Hoc
455 1615 600 1662 adhuc
632 1616 792 1664 clarius
825 1632 883 1663 ex
913 1632 970 1664 eo
997 1615 1142 1679 potest
1174 1616 1380 1678 perspici,
1414 1615 1542 1677 quod
1576 1614 1720 1672 homo
1748 1614 1813 1660 fit.
1833 1615 1977 1670 homo
2009 1631 2066 1661 ex
2101 1615 2180 1663 suo
2202 1617 2290 1680 spi,-

307 1681 416 1737 ritu,
440 1681 489 1727 &
510 1695 601 1727 non
623 1697 681 1728 ex
702 1696 889 1745 corpore
908 1703 924 1736 3
959 1684 1010 1729 δε
1028 1680 1155 1744 quod
1178 1695 1391 1742 corporea
1411 1678 1561 1726 forma
1582 1678 1636 1726 fit
1656 1677 1828 1739 adjecta
1848 1678 2018 1740 spiritui
2039 1678 2290 1730 secundum

306 1743 402 1807 ejus
439 1742 653 1802 formam,
688 1747 739 1793 δε
774 1762 865 1793 non
889 1747 1096 1801 viciffim,
1130 1761 1235 1792 narn
1274 1744 1453 1806 spiritus
1490 1744 1674 1791 indutus
1710 1743 1777 1791 est
1814 1758 2002 1806 corpore
2040 1745 2287 1795 secundum

306 1809 430 1858 iiiam
453 1808 679 1866 formam3
713 1823 986 1873 quapropter
1023 1810 1199 1874 spiritus
1236 1809 1433 1856 hominis
1461 1810 1562 1871 agit
1598 1809 1644 1855 in
1667 1808 1868 1870 singula,
1902 1810 2000 1855 imo
2020 1811 2066 1856 in
2089 1811 2285 1874 fingula·

304 1876 471 1923 r-iflima
509 1877 725 1937 corporis,
763 1876 900 1938 usque
932 1874 1058 1930 adeo,
1095 1887 1147 1922 ut
1176 1889 1277 1938 pars
1311 1889 1418 1937 quae
1452 1890 1544 1921 non
1571 1874 1721 1936 agitur
1751 1889 1777 1919 a
1807 1872 1979 1935 spiritu,
2015 1873 2088 1921 seu
2117 1878 2164 1922 in
2195 1893 2286 1939 qua

304 1951 397 1988 non
419 1939 482 1988 est
515 1940 692 2003 spiritus
721 1956 874 2003 agens,
909 1956 1002 1988 non
1023 1941 1180 1988 vivat:
1214 1940 1340 2003 quod
1377 1940 1438 1986 ita
1462 1939 1543 1996 fit,
1574 1937 1767 2001 quisque
1803 1937 1950 2001 potest
1991 1937 2098 1986 scire
2133 1943 2189 1987 e'x
2208 1959 2285 1991 ¹eo

301 2005 413 2061 solo,
447 2006 574 2070 quod
597 2006 812 2069 cogitatio
831 2006 882 2053 δι
905 2005 1112 2054 voluntas
1149 2017 1252 2068 agat
1290 2006 1453 2087 omgia,
1476 2005 1527 2052 &
1558 2003 1733 2067 fingula
1761 2004 1986 2067 corporis,
2019 2005 2084 2052 ita
2103 2007 2284 2068 prorsus

298 2071 364 2118 adv
390 2071 521 2118 suum
556 2084 739 2128 nutum,
774 2083 826 2118 ut
853 2070 965 2118 nihil
994 2086 1086 2119 non
1117 2081 1373 2126 concurrat,
1406 2070 1458 2116 ὅτ,
1474 2069 1604 2132 quod
1627 2084 1720 2116 non
1742 2070 1970 2127 concurrit
1990 2071 2158 2118 nonfit
2180 2089 2282 2136 pars

296 2138 517 2199 corporis,
550 2136 726 2199 ejicitur
761 2137 897 2184 etiam
938 2135 1052 2183 ficut
1070 2172 1073 2175 »
1089 2136 1135 2182 in
1173 2151 1261 2199 qua
1295 2150 1387 2181 non
1407 2135 1606 2192 vivum;
1641 2134 1858 2196 cogitatio
1875 2134 1927 2180 &
1948 2135 2155 2183 voluntas
2175 2137 2280 2186 sunt

298 2200 477 2265 spiritus
515 2201 728 2258 hominis,
761 2202 812 2248 &
835 2217 926 2248 non
960 2202 1176 2265 corporis.
1246 2196 1398 2263 Quod'
1427 2199 1606 2262 spiritus
1643 2215 1737 2247 non
1771 2211 1977 2263 appareat
2018 2201 2193 2250 homini
2233 2205 2281 2252 in

260 2300 265 2303 ,
298 2267 445 2314 forma
468 2267 678 2323 humana,
714 2266 954 2329 postquam
978 2266 1146 2314 solutus
1164 2266 1226 2314 est
1246 2280 1499 2329 acorpore,
1535 2280 1616 2312 nec
1638 2265 1684 2311 in
1706 2264 1845 2312 altero
1866 2265 2066 2322 homine,
2090 2267 2152 2321 est
2175 2270 2280 2332 quia

300 2348 535 2395 organum.
548 2332 666 2379 visus
686 2333 888 2395 corporis
921 2332 993 2379 seu
1025 2331 1120 2395 ejus
1149 2332 1327 2388 oculus,
1359 2343 1583 2394 quantum
1606 2330 1732 2377 videt
1755 2332 1800 2377 in
1824 2331 2018 2387 mundo,
2051 2331 2114 2379 est
2138 2348 2278 2382 mate-

300 2398 437 2452 rialis,
470 2400 518 2446 &
542 2398 765 2446 materiale
789 2414 879 2445 non
901 2399 1028 2448 videt
1050 2398 1128 2444 nifi
1152 2413 1290 2461 quam
1311 2397 1551 2453 materiale,
1586 2407 1630 2443 at
1652 2395 1871 2459 spirituale
1888 2397 2013 2444 videt
2027 2396 2308 2460 ‘spirituales

297 2476 573 2526 quapropter
595 2479 702 2510 cum
728 2463 948 2510 materiale
981 2464 1100 2511 oculi
1132 2464 1367 2511 obvelatur
1397 2478 1447 2509 ac
1479 2462 1683 2524 privatur
1716 2461 1791 2509 sua
1818 2463 2130 2525 cooperatione
2167 2482 2275 2513 cum

297 2527 527 2590 spirituali,
547 2541 672 2575 ⁴tunc
707 2541 920 2591 apparent
959 2529 1136 2591 spiritus
1173 2529 1218 2576 in
1240 2528 1331 2587 *sua
1367 2527 1530 2584 forma,
1564 2543 1670 2590 quae
1701 2527 1764 2579 est
1795 2527 1992 2575 humana
2013 2545 2104 2576 non
2127 2530 2274 2579 solum

296 2594 490 2656 spiritus,
525 2594 605 2655 qui
629 2595 674 2639 in
696 2595 875 2654 mundo
897 2594 1110 2657 spirituali
1133 2593 1250 2652 sunt,
1285 2593 1357 2641 sed
1394 2594 1533 2642 etiam
1569 2592 1746 2656 spiritus
1785 2594 1865 2656 qui
1904 2594 1952 2641 in
1987 2593 2125 2644 altero
2158 2595 2271 2643 dum

295 2659 442 2706 adhuc
462 2661 508 2706 in
530 2659 609 2705 suo
632 2673 818 2721 corpore
839 2658 914 2706 est.
1121 2678 1127 2719 '.
1178 2699 1182 2701 ,
1232 2698 1236 2702 .
1312 2677 1405 2711 μ·
1743 2677 1753 2704 s

359 2741 473 2786 454.
532 2725 675 2788 Qod
721 2724 865 2772 forma
910 2724 1086 2789 spiritus
1131 2725 1184 2772 fit
1229 2723 1375 2773 forma
1419 2725 1630 2780 humana,
1675 2724 1739 2771 est
1781 2725 1888 2789 quia
1930 2725 2073 2774 homo
2113 2726 2267 2788 quoad

296 2788 502 2851 spiritum
547 2790 676 2836 suum
722 2804 894 2838 creatus
939 2791 1002 2842 est
1036 2791 1100 2837 :ad
1144 2789 1341 2838 formam
1375 2791 1516 2847 Coeli,
1567 2806 1671 2838 nam
1719 2792 1872 2838 omnia
1910 2791 2032 2838 Coeli
2071 2791 2126 2837 ,δε
2173 2789 2266 2850 eius

292 2855 461 2902 ordinis
501 2857 548 2902 in
584 2855 657 2902 illa
694 2872 800 2919 quae
838 2856 939 2904 sunt
974 2857 1135 2905 mentis
1169 2856 1368 2905 hominis
1399 2857 1558 2905 collata
1588 2856 1690 2904 sunt
1713 2857 1821 2919 (f);
1857 2855 2061 2904 undefilli
2083 2852 2267 2932 facultas

416 2948 419 2950 -
716 2938 721 2940 ‘
2156 2938 2267 2969 reci-

348 3031 419 3094 (s)
449 3027 575 3082 Qod
605 3032 727 3072 homo
754 3023 818 3081 sit,
849 3033 890 3073 in
919 3046 1039 3088 quem
1067 3033 1201 3074 onmia
1227 3034 1376 3075 ordinis
1398 3032 1535 3075 Divini
1569 3032 1712 3074 collata
1743 3032 1847 3082 sunt,
1880 3029 1919 3070 &
1938 3030 2042 3083 quod
2071 3045 2123 3072 ex
2152 3045 2264 3075 crea-

294 3089 405 3134 tione
434 3086 480 3127 fit
502 3086 675 3128 Divinus
693 3088 790 3129 ordo
811 3089 850 3129 in
870 3090 1014 3137 forma,
1046 3102 1098 3130 n:
1122 3095 1391 3146 4219.4220.
1407 3105 1537 3148 4223,
1552 3103 1678 3146 4523·
1697 3096 1824 3142 4524·
1843 3098 1968 3140 5114·
1985 3087 2112 3142 5368·
2134 3089 2261 3148 6013·

301 3146 429 3200 6057.
449 3144 578 3199 6605.
596 3143 722 3186 6626.
740 3146 865 3202 9706,
885 3146 1039 3201 10156.
1058 3158 1211 3202 10472.
1241 3188 1244 3192 ,
1269 3146 1392 3202 Qod
1423 3159 1630 3203 quantum,
1647 3149 1770 3188 homo
1788 3143 1888 3183 vivit
1909 3144 2123 3186 secundum
2144 3145 2261 3187 Divi-

288 3217 400 3303 {rhum
433 3202 643 3303 affligem-,-
663 3210 821 3246 tantum
850 3203 893 3246 in
919 3203 1041 3248 altera
1057 3203 1138 3248 vita
1157 3215 1338 3261 appareat
1359 3215 1405 3249 ut
1422 3206 1549 3249 homo
1564 3200 1761 3259 ροῒΐεᾶιιε
1782 3200 1821 3242 &
1841 3200 2022 3255 pulcher,
2054 3215 2110 3246 nx
2130 3203 2259 3260 4839.

350 3272 420 3316 05.
490 3272 520 3302 2
553 3288 563 3301 .
2007 3290 2012 3295 ,
