2546 3786
300 269 430 336 170
603 242 1156 311 DECOELO
1214 242 1989 310 ETINFERNO'L.

293 380 481 436 mirum,
518 378 622 425 mali
656 375 719 423 illi
755 386 864 422 tunc
908 376 954 422 in
989 373 1067 422 suo
1097 373 1302 437 jucundo
1341 374 1471 423 sunt:
1522 374 1625 422 inde
1666 374 1827 437 patuit,
1865 371 2010 436 qualis
2046 373 2181 424 status
2211 378 2279 428 est

294 446 470 510 spiritus
506 443 700 491 hominis
726 441 824 489 talis
864 442 909 488 in
934 456 1138 503 corpore,
1175 456 1279 487 nam
1303 439 1457 486 similis
1477 439 1540 487 est
1562 441 1706 504 qualis
1742 440 1801 486 est
1827 439 1928 503 post
1962 439 2278 503 separationem

296 529 321 560 a
345 498 547 575 corpore,
583 508 708 572 quod
735 523 896 569 nempe
931 518 1056 553 aveat
1091 505 1166 564 seu
1190 504 1475 568 concupiscat
1504 503 1708 567 jucunda
1741 506 1817 564 ‘seu
1854 504 1970 553 bona
1999 507 2194 566 alterius,
2232 512 2283 558 δε

299 590 520 640 quantum
544 575 733 629 obtinet,
771 585 947 619 tantum
972 573 1013 619 ei
1039 570 1301 636 jucundum
1325 572 1409 617 fit:
1452 584 1509 616 ex
1539 570 1608 617 his
1627 571 1769 618 videri
1793 570 1938 635 potest
1961 574 2085 635 quod
2111 589 2284 622 amores

302 644 367 690 sui
392 645 439 690 δε
466 640 625 689 mundi
649 639 731 685 {int
757 635 1015 685 destructivi
1050 638 1323 700 gaudiorum
1358 634 1480 692 coeli,
1524 636 1585 684 ita
1606 636 1784 700 prorsus
1804 638 2004 701 oppos1ti
2029 640 2286 688 coelestibus

301 708 544 763 amoribus,
580 706 658 768 qui
684 704 784 752 sunt
805 704 1193 752 communicativi.

367 791 480 832 400.
517 774 585 820 At
608 770 838 818 sciendum
861 770 941 826 est,
977 770 1103 834 quod
1126 767 1386 833 jucundum
1411 769 1455 816 in
1478 783 1573 832 quo
1595 764 1695 815 sunt
1718 768 1796 831 qui
1819 769 1866 816 in
1897 770 2124 818 amoribus
2148 772 2212 819 sui
2237 767 2288 822 δε

305 839 466 887 mundi
498 854 606 885 cum
639 838 1004 900 appropinquant
1041 836 1097 883 ad
1133 836 1327 900 aliquam
1365 835 1621 882 societatem
1659 833 1907 892 coelestem,
1949 836 2002 884 fit
2035 836 2287 899 jucundum

297 903 679 968 concupiscentiae
717 903 918 958 illorum,
970 905 1030 950 ita
1066 918 1249 966 quoque
1289 901 1465 965 prorsus
1504 900 1767 964 oppofitum
1806 898 2016 964 jucundo
2052 905 2198 960 coeli;
2244 907 2290 953 in

302 970 564 1036 jucundum
591 970 967 1033 concupiscentiae
991 968 1082 1015 suae
1105 971 1293 1016 veniunt
1316 983 1373 1015 ex
1396 968 1703 1031 deprivatione
1729 968 1783 1014 ’ὅτ
1820 963 2070 1016 rem'otione
2099 968 2294 1034 jucundi

301 1037 503 1085 coelestis
536 1036 656 1100 apud
686 1036 787 1082 illos
809 1035 960 1099 quiin
991 1051 1046 1082 eo
1070 1033 1198 1082 sunt:
1245 1035 1371 1082 aliter
1403 1034 1473 1090 fit,
1515 1033 1700 1096 quando
1735 1048 1826 1080 non
1859 1033 2108 1096 deprivatio
2139 1037 2187 1084 δε
2227 1053 2294 1085 rc-

310 1103 457 1151 motio
492 1100 571 1158 est,
611 1110 721 1149 tunc
761 1116 854 1149 non
890 1100 1069 1163 poffunt
1103 1101 1475 1163 appropinquare,
1511 1100 1618 1163 quia
1649 1112 1874 1163 quantum
1905 1111 2015 1148 tunc
2053 1101 2296 1167 appropin-

311 1182 471 1233 quant,
506 1179 683 1215 tantum
725 1168 770 1214 in
809 1181 994 1229 angores
1036 1166 1297 1222 &dolores
1337 1167 1558 1222 veniunt;
1597 1166 1702 1212 inde
1734 1165 1815 1222 est,
1854 1166 1982 1229 quod
2022 1182 2121 1215 raro
2153 1170 2298 1227 ausint

313 1251 463 1299 *prope
487 1234 695 1281 accedere
716 1254 730 1287 ;
772 1232 858 1279 hoc
880 1246 1064 1295 quoque
1086 1248 1165 1295 per
1188 1233 1336 1295 plures
1358 1232 1652 1297 experientias
1676 1232 1833 1280 datum
1867 1231 1929 1279 est
1953 1232 2077 1290 scire,
2116 1249 2174 1282 ex
2195 1237 2298 1299 qui-

309 1301 401 1349 {bus
439 1299 607 1363 aliquid
630 1298 765 1345 etiam
792 1298 931 1345 velim
969 1296 1180 1361 proferre.
1250 1299 1442 1362 Spiritus
1474 1300 1554 1361 qui
1590 1314 1615 1345 e
1650 1298 1828 1345 mundo
1860 1299 1909 1347 in
1936 1299 2120 1347 alteram
2155 1302 2299 1349 vitam

304 1364 515 1421 veniunt,
555 1364 666 1412 nihil
695 1365 848 1428 potius
869 1365 1061 1427 cupiunt
1086 1379 1228 1428 quam
1253 1366 1403 1412 venire
1424 1366 1470 1411 in
1495 1363 1703 1420 Coelum,
1743 1376 1873 1428 paene
1892 1380 2054 1413 omnes
2087 1366 2136 1419 id
2158 1382 2302 1430 expe·

311 1443 435 1490 tunt,
474 1430 704 1479 credentes
737 1430 866 1495 quod
889 1430 1079 1479 Coelum
1115 1447 1206 1479 non
1244 1431 1299 1478 fit
1336 1431 1417 1478 nifi
1440 1446 1578 1494 quam
1602 1431 1844 1478 intromitti
1884 1433 1934 1479 &
1970 1433 2141 1495 recipi;
2188 1449 2304 1496 qua·

311 1510 501 1563 propter
529 1498 665 1546 etiam
705 1498 812 1561 quia
849 1498 1057 1561 cupiunt,
1099 1497 1155 1545 ad
1191 1497 1387 1561 aliquam
1428 1497 1685 1545 societatem
1727 1497 1834 1544 coeli
1875 1497 2027 1545 ultimi
2062 1497 2296 1556 feruntur;

303 1566 394 1628 qui
426 1566 473 1612 in
511 1579 664 1612 amore
685 1563 749 1611 sui
771 1564 823 1612 &
848 1564 1010 1611 mundi
1034 1564 1151 1620 sunt,
1189 1579 1298 1611 cum
1333 1565 1390 1611 ad
1413 1565 1617 1627 primum
1642 1563 1781 1611 limen
1806 1563 1924 1611 illius
1947 1564 2072 1612 Coeli
2095 1566 2302 1624 veniunt,

313 1631 540 1695 incipiunt
583 1631 688 1693 angi
727 1645 778 1677 ac
819 1630 1002 1677 interius
1050 1632 1112 1677 ita
1149 1630 1354 1684 cruciari,
1397 1642 1451 1676 ut
1485 1628 1675 1676 ‘sentiant
1720 1631 1766 1675 in
1807 1631 1848 1675 se
1884 1631 2035 1692 potius
2073 1631 2304 1680 infernum

305 1707 454 1760 -quam
479 1695 674 1753 coelum,
709 1707 985 1759 quapropter
1007 1693 1226 1759 dejiciunt
1252 1694 1294 1742 se
1316 1695 1570 1758 praecipites
1594 1694 1724 1751 inde,
1766 1710 1848 1742 nec
1887 1696 2123 1758 quiescunt
2160 1697 2303 1760 prius-

304 1776 456 1827 quam
479 1762 527 1809 in
550 1759 733 1809 infernis
763 1762 885 1824 apud
909 1760 1021 1808 suos.
1090 1762 1266 1823 Saepius
1295 1761 1432 1809 etiam
1466 1759 1639 1807 factum
1674 1760 1755 1816 est,
1795 1761 1922 1823 quod
1957 1762 2063 1809 tales
2085 1762 2304 1816 defiderar

310 1827 467 1877 verint
487 1827 623 1887 {noss'e
659 1826 773 1890 quid
798 1825 1020 1889 gaudium
1043 1825 1242 1882 coeleste,
1278 1825 1331 1874 ὅτ,
1363 1841 1473 1874 cum
1492 1826 1765 1882 >audiverunt
1787 1826 1912 1889 quod
1936 1828 1984 1874 in
2021 1829 2305 1878 interioribus

314 1892 609 1958 Angelorum
664 1892 736 1951 fit,
790 1893 1062 1956 cupiverunt
1107 1892 1570 1940 communicationem
1614 1889 1712 1954 ejus
1758 1890 1926 1950 secum,
1979 1908 2120 1956 quare
2167 1896 2306 1944 etiam

308 1957 489 2008 :factum
509 1958 589 2018 est,
629 1974 736 2007 nam
759 1959 886 2023 quod
909 1959 1108 2023 spiritus,
1138 1959 1220 2023 qui
1241 1959 1451 2007 nondum
1477 1957 1542 2006 est
1564 1959 1610 2006 in
1632 1958 1758 2005 coelo
1779 1958 1853 2006 vel
1876 1960 1922 2006 in
1944 1957 2135 2018 inferno,
2159 1962 2307 2026 cupit,

316 2026 407 2074 hoc
438 2026 573 2074 etiam
599 2026 640 2073 ei
673 2024 822 2083 datur,
858 2024 892 2072 si
923 2025 1173 2083 conducit3
1214 2023 1328 2074 facta
1362 2026 1793 2081 communicatione,
1825 2037 2058 2088 caeperunt
2098 2029 2306 2084 cruciari,

310 2092 368 2140 &in
391 2104 581 2155 tanturn⁸
604 2104 659 2140 ut
681 2091 896 2140 nescirent
935 2106 1033 2155 prae
1066 2091 1228 2149 doloret
1259 2091 1500 2155 quomodo
1537 2093 1891 2153 comprimerent
1911 2106 2109 2154 corpus;
2156 2093 2306 2140 visum

309 2158 402 2215 cst,
435 2157 562 2221 quod
584 2157 872 2212 detruderent
894 2168 1030 2221 caput
1049 2156 1188 2221 usque
1209 2157 1265 2205 ad
1287 2157 1441 2221 pedes,
1474 2156 1605 2220 seque
1624 2154 1868 2221 dejicerent
1889 2157 1934 2203 in
1958 2169 2141 2215 terram,
2176 2174 2227 2206 ac
2244 2159 2309 2208 ibi

322 2222 533 2287 serpentis
558 2225 701 2271 modo
723 2235 1071 2287 contorquerent
1094 2223 1134 2271 se
1173 2224 1218 2271 in
1241 2223 1387 2281 orbes,
1428 2223 1479 2271 δι
1519 2223 1606 2271 hoc
1643 2238 1701 2271 ex
1734 2223 1932 2271 interiori
1956 2225 2190 2280 cruciatu;
2238 2236 2303 2272 ta-

314 2289 413 2338 lem
447 2289 660 2338 effectum
695 2289 837 2337 edidit
873 2288 1126 2352 jucundum
1160 2288 1341 2338 coeleste
1374 2289 1496 2353 apud
1519 2289 1619 2337 illos
1641 2289 1721 2352 qui
1760 2290 1808 2336 in
1837 2286 2054 2353 jucundis
2075 2305 2133 2337 ex
2153 2306 2307 2339 amore

312 2354 387 2403 {ui
423 2357 474 2404 ὅτ
513 2357 675 2403 mundi
707 2368 867 2412 erant;
914 2356 1039 2404 causa
1073 2355 1153 2412 est,
1188 2357 1294 2420 quia
1330 2370 1503 2403 amores
1542 2355 1608 2402 illi
1646 2354 1824 2419 prorsus
1857 2355 2051 2419 oppos1ti
2090 2354 2208 2413 sunt,
2255 2358 2304 2406 &
2352 2363 2389 2415 g

310 2436 429 2468 ⁷cum
453 2421 784 2486 op'pofitum-in
808 2422 1068 2486 oppositum
1103 2423 1214 2486 agit,
1244 2423 1303 2470 'fit
1341 2422 1439 2470 talis
1472 2422 1638 2478 dolor3
1685 2422 1735 2468 δε
1772 2421 1879 2485 quia
1910 2416 2174 2485 juc'undum
2210 2438 2310 2470 coe-

312 2486 430 2534 ‘leste
463 2489 595 2536 intrat
617 2504 697 2552 per
732 2490 856 2536 viam
881 2489 1120 2546 internam,
1155 2505 1204 2536 ac
1228 2489 1377 2537 influit
1415 2489 1461 2535 in
1491 2485 1751 2551 jucundum
1791 2488 2084 2545 contr-arium,
2125 2500 2306 2551 torquet

315 2553 535 2601 interiora
570 2570 676 2614 quae
710 2555 756 2601 in
788 2553 998 2617 jucundo
1036 2554 1115 2601 il-lo
1137 2553 1254 2611 sunt,
1290 2553 1549 2611 retrorsum,
1587 2557 1647 2602 ita
1683 2554 1730 2600 in
1765 2553 1846 2600 fibi
1877 2554 2160 2618 oppositum,
2200 2553 2304 2601 inde

316 2620 433 2667 males
470 2622 703 2668 cruciatus.
773 2621 918 2681 Quod
942 2620 1136 2684 oppofiti
1159 2621 1261 2677 sint,
1295 2620 1374 2676 est,
1409 2632 1461 2668 ut
1493 2619 1622 2684 supra
1641 2619 1817 2667 dictum
1852 2619 1934 2676 est,
1974 2621 2080 2683 quia
2100 2635 2227 2667 amor
2258 2620 2304 2666 in

326 2686 587 2733 Dominum
621 2687 668 2734 &
709 2702 838 2733 amor
868 2702 976 2750 erga
1012 2687 1296 2751 proximum,
1333 2686 1496 2734 volunt
1534 2686 1869 2734 communicare
1900 2687 2054 2733 omnia
2085 2685 2160 2733 sua
2192 2684 2304 2742 aliis,

336 2751 421 2798 hoc
455 2753 576 2801 enim
617 2768 774 2801 eorum
790 2750 1051 2814 jucundum
1075 2751 1154 2809 est,
1188 2754 1238 2801 &
1278 2768 1405 2800 amor
1438 2752 1502 2799 sui
1542 2752 1591 2799 ὃς
1617 2752 1778 2805 mundi
1805 2751 1971 2800 volunt
2008 2749 2177 2802 auferre
2210 2751 2306 2799 aliis

326 2818 418 2872 sua,
454 2819 504 2864 δε
527 2818 583 2865 ad
625 2818 665 2865 se
699 2820 921 2876 derivare,
960 2819 1010 2866 ὅτ
1034 2831 1255 2882 quantum
1294 2819 1381 2867 hoc
1418 2819 1599 2884 poffunt
1647 2829 1825 2866 tantum
1864 2819 1911 2865 in
1937 2815 2143 2880 jucundo
2183 2817 2300 2866 sunt.

326 2882 406 2928 Ex
440 2882 507 2930 his
530 2900 714 2947 quoque
751 2884 848 2931 sciri
872 2885 1032 2948 potest,
1070 2886 1192 2933 unde
1222 2884 1285 2933 est
1309 2894 1433 2949 quod
1470 2884 1703 2934 Infernum
1743 2884 1796 2932 fit
1835 2882 2080 2948 separatum
2113 2899 2137 2929 a
2161 2883 2302 2941 coelo,

315 2963 483 2995 -omnes
505 2951 625 2996 enim
649 2951 729 3012 qui
759 2952 805 2995 in
826 2948 1009 2997 Inferno
1042 2949 1160 3006 sunt,
1198 2949 1396 3007 fuerunt,
1432 2967 1541 2998 cum
1563 2951 1774 2998 vixerunt
1813 2950 1858 2997 in
1896 2947 2084 3003 mund0,
2122 2949 2168 2995 in
2203 2949 2305 2996 solis

314 3011 536 3077 jucundis
575 3016 774 3077 corporis
811 3016 860 3061 δε
897 3016 1037 3062 carnis
1072 3031 1128 3063 ex
1164 3031 1316 3063 amore
1354 3016 1417 3063 sui
1457 3018 1507 3065 &
1542 3016 1723 3073 mundi,
1759 3028 1917 3064 omnes
1951 3026 2100 3060 autem
2139 3015 2218 3077 qui
2258 3017 2303 3061 in
2360 3031 2365 3051 ἰ

322 3079 488 3138 Coelis,
529 3078 730 3136 fuerunt,
769 3096 875 3126 cum
900 3083 1111 3128 vixerunt
1147 3081 1191 3128 in
1216 3083 1407 3139 mundo,
1449 3084 1494 3129 in
1518 3082 1737 3147 jucundis
1757 3081 1921 3128 animae
1960 3080 2007 3128 ὅτ
2034 3078 2218 3142 spiritus'
2248 3096 2305 3127 ex

316 3160 479 3192 amore
502 3147 548 3192 in
571 3146 826 3193 Dominum
852 3147 900 3193 δε
922 3163 975 3194 ex
999 3163 1151 3195 amore
1184 3163 1290 3210 erga
1314 3150 1575 3211 proximum
1597 3171 1612 3205 ;
1655 3149 1736 3210 qui
1774 3160 1943 3193 amores
1965 3146 2070 3208 quia
2108 3146 2305 3209 oppos1ti

328 3211 447 3268 funt,
487 3211 591 3260 ideo
614 3214 747 3261 etiam
771 3210 935 3261 Inferni
956 3214 1004 3263 δε
1022 3213 1147 3262 Coeli
1181 3214 1357 3279 prorsus
1382 3213 1564 3278 separati
1588 3214 1703 3269 sunt,
1740 3213 1788 3260 &
1812 3211 2000 3275 quidem
2035 3213 2082 3259 in
2107 3223 2303 3268 tantum,

2262 3289 2314 3323 ut
