2546 3786
533 268 601 344 D
627 265 665 330 ε
692 226 1119 359 ‘nom-er
1143 271 1273 328 mc·
1300 252 1430 329 πῃ
1455 253 1504 329 r·-
1533 253 1687 331 aa
1706 252 1892 330 No:
2005 352 2008 355 .
2073 281 2203 351 143-

218 384 449 445 'scientiam
475 391 640 444 naturis
680 395 766 446 suis
801 378 1103 454 conformem,
1145 409 1236 441 non
1272 407 1424 443 autem
1460 394 1633 452 horno,
1673 392 1940 443 &dietum
1971 381 2042 441 vest
2065 392 2204 455 quod

213 463 347 510 ‘causa
370 462 438 519 fit,
474 463 580 526 quia
603 456 805 518 animalia
833 461 880 507 in
899 459 1068 506 ‹ordine
1088 460 1177 507 suae
1200 461 1309 508 vitae
1343 461 1460 518 sunt,
1499 477 1595 509 non
1627 474 1778 509 autem
1796 461 1958 516 homo,
1998 473 2136 522 quare
2166 459 2204 504 is

219 531 266 575 in
292 529 498 576 ordinem
524 522 799 583 inducendus
819 523 882 571 est
904 541 984 588 per
1006 527 1289 587 cognitiones
1313 528 1362 575 &
1386 526 1614 583 scientias·,
1659 539 1705 574 at
1737 528 1769 573 fi
1793 525 1934 573 homo
1956 523 2204 573 nasceretur
2287 530 2299 538 ²

220 598 265 641 in
290 593 496 642 ordinem
522 591 758 645 suae'ffl'tae,
798 593 879 653 qui
902 590 963 637 est
981 599 1131 639 amare
1154 589 1306 640 Deum
1346 591 1474 657 supra
1509 594 1678 650 omnia,
1718 593 1767 640 δε
1790 592 2052 656 proximum
2089 589 2202 637 ficut

214 660 375 721 semet,
414 658 540 722 quod
562 657 599 705 is
621 654 867 703 nasceretur
887 657 1298 720 inintelligentiam
1322 660 1372 706 δε
1395 657 1668 723 sapientiam,
1713 659 1762 706 &
1798 658 1903 704 inde
1937 671 2121 720 quoque
2155 655 2202 701 in

221 726 361 772 fidem
394 717 555 776 onin'is'
576 721 686 776 veri,
723 734 945 784 quantum
981 724 1261 786 cognitiones
1300 724 1554 779 accedunt';
1592 725 1768 789 spiritus
1801 724 1909 771 boni
1935 722 2024 771 hoc
2054 720 2202 768 statim

218 788 435 839 viderunt
451 787 500 834 &
523 799 815 850 perceperunt
837 789 963 851 quod
987 790 1047 836 ita
1074 789 1194 846 esset,
1229 785 1279 838 ὅτ’
1301 789 1388 837 hoc
1411 789 1554 838 solum
1578 807 1634 838 ex
1656 790 1755 837 luce
1779 791 1873 837 veri
1887 812 1908 844 -;
1950 799 1996 836 at
2025 783 2204 851 'spiritus

221 858 301 921 qui
322 855 364 902 fe
385 852 769 908 confirmaverunt
792 854 835 900 in
855 852 943 902 sola
967 854 1072 908 fide,
1097 855 1148 902 δε
1170 856 1276 902 inde
1292 854 1561 917 rejecerunt·
1576 856 1632 903 ad
1655 856 1768 903 latus
1793 870 1995 902 amorem
2025 851 2074 902 δ’τ.
2099 853 2204 900 cha·

216 918 413 975 ritatem,
454 918 499 964 id
523 935 614 965 non
639 919 883 982 intelligere
906 919 1168 983 potuerunt,
1208 922 1313 984 quia
1334 916 1414 967 lux
1436 918 1529 967 falfi
1559 921 1816 968 confirmati
1848 921 1971 984 apud
1987 919 2090 968 illos
2120 917 2204 967 ob-

219 988 464 1036 scuraverat
493 984 642 1031 lucem
666 986 777 1032 veri.
1098 987 1101 990 ’
1387 1030 1389 1032 ,
1547 992 1552 999 “
2158 1036 2160 1038 ,

286 1067 397 1115 353.
431 1050 557 1098 Falsa
579 1050 878 1113 Intelligentia
917 1053 966 1099 &
991 1051 1214 1115 Sapientia
1247 1050 1309 1099 est
1348 1050 1498 1099 omnis
1541 1067 1649 1116 quae
1681 1050 1744 1098 est
1777 1049 1937 1114 absque
1973 1051 2201 1113 agnitione
2255 1096 2266 1105 s

216 1119 392 1183 Divini,
441 1116 521 1180 qui
558 1117 679 1164 enim
714 1120 806 1164 non
839 1117 1085 1180 agnoscunt
1117 1117 1365 1173 Divinum,
1411 1117 1483 1166 sed
1523 1133 1609 1182 pro
1647 1118 1823 1165 Divino
1869 1129 2090 1174 naturam,
2136 1117 2202 1163 illi

219 1199 379 1232 omnes
414 1199 470 1229 ex
492 1181 668 1230 sensuali
692 1188 917 1246 'corporeo
941 1186 1174 1247 cogitant,
1209 1184 1259 1231 &
1285 1183 1383 1231 sunt
1421 1200 1540 1231 mere
1575 1183 1803 1240 sensuales,
1844 1196 2075 1246 utcunque
2101 1197 2203 1229 eru-

218 1251 302 1297 diti
327 1251 374 1296 &
399 1249 527 1296 dosii
547 1249 594 1295 in
617 1249 792 1296 mundo
826 1250 1072 1297 creduntur
1088 1251 1222 1312 (yy)·,
1262 1249 1334 1297 sed
1361 1250 1574 1298 Eruditio
1597 1266 1759 1297 eorum
1794 1265 1884 1296 non
1908 1247 2103 1296 ascendit
2127 1247 2196 1294 ul-

221 1329 289 1363 tra
309 1315 410 1373 talia
432 1329 538 1377 quae
571 1315 616 1361 in
641 1315 815 1362 mundo
839 1331 989 1364 coram
1025 1317 1166 1364 oculis
1187 1327 1418 1379 apparent,
1460 1332 1566 1379 quae
1591 1316 1809 1363 memoria
1838 1326 2012 1370 tenent,
2039 1314 2093 1361 ὅτ.
2127 1313 2202 1360 illa

222 1397 352 1446 paene
376 1380 659 1428 materialiter
682 1381 927 1438 intuentur,
968 1383 1141 1430 tametsi
1175 1382 1349 1428 eaedem
1385 1381 1579 1429 scientiae
1616 1382 1732 1438 sunt,
1773 1396 1878 1444 quae
1901 1395 2006 1426 vere
2039 1378 2202 1426 intelli-

224 1447 433 1511 gentibus
454 1462 542 1509 pro
577 1444 818 1494 formando
852 1447 1079 1495 intelledhi
1119 1446 1395 1506 inserviunt:
1429 1464 1510 1512 per
1543 1447 1741 1495 scientias
1772 1446 2084 1511 intelliguntur
2107 1444 2204 1492 Ex-

221 1514 525 1577 perimentalia
570 1515 680 1560 varii
725 1514 916 1576 generis,
966 1513 1167 1575 Physica,
1203 1513 1555 1570 'Astronomica,
1622 1513 1861 1575 Chymica,
1913 1510 2201 1568 Mechanica,

222 1579 524 1634 Geomefflca,
563 1578 853 1635 Anato'mica,
897 1577 1237 1641 PsycholOgica‚
1268 1578 1603 1643 'Philosophicffi
1644 1578 1874 1626 Historica
1913 1578 2203 1640 Regnorum,

223 1659 325 1693 tum
349 1644 487 1699 Orbis
509 1643 685 1700 literati,
721 1644 906 1700 Critica,
947 1645 1180 1707 Linguae.‘
1215 1644 1474 1692 'Antistites
1507 1645 1588 1708 qui
1625 1655 1792 1707 negant
1830 1639 2074 1698 Divinum,
2121 1657 2205 1689 nec

223 1711 290 1758 illi
333 1709 447 1757 ultra
493 1707 700 1756 sensualia
733 1725 840 1773 quae
886 1708 988 1758 sunt
1026 1709 1220 1758 Externi
1255 1710 1452 1758 hominis
1507 1711 1683 1758 elevant
1736 1709 2028 1775 cogitationes
2072 1707 2204 1762 suas.;

219 1776 296 1824 illa
334 1791 442 1839 quae
464 1774 604 1823 Verbi
643 1775 744 1823 sunt
777 1792 869 1824 non
912 1776 1037 1823 aliter
1076 1776 1277 1840 'spefitant
1310 1792 1450 1840 quam
1485 1776 1597 1825 ficut
1634 1777 1708 1823 alii
1741 1774 1959 1832 scientias,
2009 1789 2090 1822 nec
2137 1771 2203 1819 fa-

221 1845 350 1890 ciunt
374 1842 444 1889 illa
468 1856 535 1888 res
559 1842 845 1904 cogitationis
883 1855 961 1889 aut
994 1841 1179 1906 alicujus
1212 1843 1462 1891 intuitionis
1501 1858 1526 1890 a
1560 1854 1710 1890 mente
1745 1838 1944 1905 rationali
1974 1838 2206 1906 illustrata,

223 1911 275 1957 &
297 1910 383 1956 hoc
415 1923 471 1954 ex
493 1907 638 1971 causa,
671 1908 779 1971 quia
809 1908 1030 1958 interiora
1054 1924 1214 1956 eorum
1260 1907 1405 1957 clausa
1443 1907 1560 1965 sunt,
1605 1909 1654 1955 δε
1687 1905 1820 1955 fimul
1855 1922 1968 1953 curn·
2000 1905 2086 1953 illis
2124 1920 2204 1952 ex-

223 1975 384 2022 teriora
404 1974 612 2038 proxima
634 1974 949 2030 interioribus3
990 1975 1116 2037 qu'od
1139 1974 1281 2022 clausa
1314 1975 1416 2032 sint,
1457 1974 1520 2021 est
1553 1975 1657 2038 quia
1688 1985 1919 2020 verterunt
1951 1970 1999 2019 -se
2030 1983 2149 2018 retro
2181 1986 2207 2016 a

221 2041 363 2095 coelo,
408 2041 458 2086 δε
481 2039 746 2086 retorserunt
769 2040 842 2087 illa
863 2056 970 2103 quae
992 2041 1101 2087 illuc
1125 2040 1317 2104 spefitare
1349 2040 1539 2104 possent,
1563 2056 1668 2103 quae
1692 2039 1792 2086 sunt
1814 2038 2018 2085 interiora
2043 2036 2216 2101 mentis

222 2106 451 2161 humanae,
492 2116 544 2151 ut
566 2106 689 2167 prius
712 2105 885 2153 distum
922 2104 1016 2153 est:
1064 2106 1170 2153 inde
1199 2106 1279 2163 est,
1317 2105 1445 2168 quod
1470 2121 1560 2160 non
1594 2105 1744 2151 videre
1781 2105 1942 2166 poffint
1980 2103 2091 2165 quid
2125 2117 2205 2148 ve-

222 2188 327 2220 rum
351 2173 401 2219 &
425 2172 617 2228 bonum,
653 2173 869 2235 quoniam
892 2171 991 2219 haec
1027 2171 1193 2219 illisin
1224 2171 1416 2235 caligine
1457 2170 1576 2228 sunt,
1622 2182 1667 2218 at
1695 2169 1854 2217 falsum
1878 2169 1926 2216 &
1952 2167 2122 2215 malum
2157 2167 2204 2213 in

226 2238 340 2285 luce.
411 2239 482 2284 At
526 2236 663 2301 usque
704 2236 911 2299 sensuales
952 2237 1155 2286 homines
1202 2237 1452 2288 ratiocinari
1490 2233 1711 2300 possunt,
1746 2235 1881 2298 aliqui
1921 2233 2122 2298 solertius
2157 2234 2207 2280 δε

226 2304 400 2350 acutius
421 2316 560 2366 quam
594 2303 686 2361 alii,
724 2301 799 2350 sed
832 2319 889 2350 ex
906 2302 1093 2352 'fallaciis
1131 2304 1335 2352 sensuum
1353 2303 1634 2352 confirmatis
1657 2319 1736 2367 per
1757 2317 1913 2349 eorum
1938 2300 2204 2352 scientifica3

227 2371 278 2417 ἅτ
300 2370 405 2433 quia
437 2371 505 2416 ita·
533 2370 782 2426 ratiocinari
811 2370 1012 2434 possunt,
1046 2370 1183 2419 etiam
1223 2370 1304 2435 ipsi
1335 2370 1377 2418 se
1415 2369 1604 2417 credunt
1640 2366 1923 2432 sapientiores
1961 2366 2054 2413 aliis
2072 2365 2205 2478 qm).

2103 2445 2205 2493 gnis

287 2551 374 2607 (yy)
408 2551 530 2606 Qod
553 2553 724 2607 sensuale
736 2553 791 2595 fit
811 2554 1004 2596 ultimum
1028 2555 1122 2595 vitae
1143 2556 1333 2605 hominis,
1368 2556 1568 2596 adhaerens
1596 2555 1635 2595 &
1667 2557 1861 2600 inhaerens
1893 2567 2084 2606 corporeo
2104 2551 2204 2605 ejus,

230 2622 281 2657 ης
297 2623 426 2667 5077.
451 2611 580 2667 5767.
604 2623 731 2666 9212.
755 2613 882 2668 9216.
904 2625 1032 2668 9331.
1055 2626 1186 2668 9730.
1248 2612 1370 2667 Qod
1395 2614 1423 2653 is
1450 2613 1627 2654 sensualis
1648 2613 1770 2654 homo
1790 2614 1959 2658 dicatur,
1984 2611 2049 2663 qui
2066 2606 2207 2648 omnia

228 2666 442 2725 judicat&
462 2667 670 2710 concludit
697 2683 747 2710 ex
763 2668 932 2711 senfibus
963 2673 1158 2723 corporis,
1198 2671 1237 2713 δι
1267 2671 1338 2725 qui
1362 2671 1462 2712 nihil
1494 2672 1636 2718 credit,
1673 2670 1744 2711 nisi
1765 2685 1855 2724 quae
1881 2668 2005 2709 oculis
2033 2666 2138 2712 videt
2166 2663 2206 2704 &

232 2724 415 2765 manibus
444 2727 588 2780 tangit,
621 2739 817 2781 n25094.
851 2728 982 2783 7693.
1041 2727 1164 2779 Qod
1188 2729 1274 2769 talis
1303 2729 1427 2768 homo
1457 2728 1605 2781 cogitet
1618 2728 1666 2768 ·in
1685 2727 1893 2775 extremis,
1923 2725 1969 2765 ,δι
1991 2738 2073 2764 non
2104 2724 2208 2762 inte-

235 2781 319 2821 rius
333 2781 373 2844 in
395 2783 447 2831 se,
480 2797 531 2823 n:
555 2782 679 2842 5089.
705 2797 834 2839 5094.
856 2786 983 2839 6564.
1009 2785 1134 2841 7693.
1193 2786 1319 2842 Qod
1341 2785 1530 2826 interiora
1558 2784 1643 2839 ejus
1672 2785 1800 2826 clausa
1820 2783 1925 2832 sint,
1943 2780 2103 2822 utnibil
2124 2780 2208 2820 veri

234 2835 377 2879 Divini
402 2841 546 2894 videat,
580 2855 606 2880 n
627 2855 635 2880 :
656 2841 783 2895 6564.
805 2842 933 2894 6844.
965 2842 1093 2897 6845.
1154 2842 1311 2890 Verbo,
1343 2843 1447 2895 quod
1481 2843 1524 2882 in
1545 2840 1670 2882 crasso
1700 2842 1852 2882 lumine
1872 2838 2041 2880 naturali
2058 2837 2136 2886 -fit,
2166 2836 2224 2877 δε.

236 2893 292 2934 fic
311 2897 541 2947 quod‘nihil
572 2899 762 2951 percipiat
793 2901 897 2953 quod
930 2913 952 2939 e
979 2901 1067 2939 luce
1087 2898 1198 2948 coeli,
1231 2914 1256 2940 n
1279 2914 1287 2940 ε
1309 2899 1435 2941 6201.
1458 2899 1587 2955 6310.
1607 2896 1738 2952 6564.
1769 2899 1895 2950 6844.
1920 2897 2046 2950 6845.
2079 2893 2209 2950 6598.

238 2951 365 2993 6612.
397 2952 522 3008 6614.
544 2956 670 2999 6622.
694 2956 821 3009 6624.
883 2956 1005 3006 Quod
1041 2958 1132 2997 ideo
1154 2958 1316 2998 interius
1352 2956 1399 2997 fit
1434 2967 1576 2998 contra
1610 2956 1674 2996 illa
1709 2971 1799 3011 quae
1819 2954 1929 2996 Coeli
1961 2955 1999 2995 ὅτ
2024 2951 2207 2994 Ecclefiae

236 3011 343 3057 sunt,
375 3011 570 3054 n26201.
593 3014 720 3070 6316.
745 3015 872 3067 6844.
910 3015 1038 3068 6845.
1062 3014 1201 3070 6948.
1234 3015 1361 3071 6949.
1424 3014 1549 3063 Quod
1573 3013 1747 3064 Erudm,
1775 3013 1851 3068 qui,
1876 3014 1914 3052 se
1943 3009 2208 3052 confirmave-

235 3075 330 3108 runt
360 3075 498 3107 contra
524 3070 836 3167 vgraeEcclesiae,
872 3072 1062 3113 sensuales
1087 3072 1179 3122 sint,
1215 3073 1410 3129 n:6316.
1469 3071 1617 3126 Qalis
1645 3069 1824 3112 sensualis
1854 3070 1995 3118 homo,
2026 3067 2213 3110 describi-

239 3135 322 3170 tur,
353 3137 540 3167 n2102‘·
575 3155 586 3167 .
2014 3166 2019 3169 ,
2087 3168 2095 3173 ,

294 3179 404 3236 Tzz)
435 3150 560 3234 ngd
582 3182 770 3241 sensuales
786 3186 983 3233 ¹homines
1000 3186 1303 3227 ratiocinemur
1332 3187 1485 3240 acriter·
1506 3185 1965 3240 wolerter‚„quoniam
1993 3183 2034 3223 in
2058 3179 2213 3235 loquela

225 3251 290 3280 fex
310 3240 505 3281 memoria
531 3253 721 3297 corporea
740 3251 894 3298 p'onunt
917 3247 1081 3288 omnem
1104 3244 1425 3343 intelligentiam,
1459 3258 1484 3286 n
1501 3244 1629 3301 2‘195.
1654 3244 1748 3300 196.
1772 3240 2078 3299 5700.⁴10236.
2139 3234 2222 3332 smil

1210 3333 1216 3339 ,
1246 3303 1256 3312 ¹
1819 3320 1828 3333 .·
2109 3307 2196 3347 :qUO
