2546 3786
320 261 461 345 210?
620 270 1162 370 Dz.-noELo
1202 279 1321 339 rna-r
1379 268 1997 336 INFERNo:

308 402 424 451 dum
447 399 550 449 falsa
581 415 637 462 ex
661 399 786 451 malis
810 400 931 463 apud
954 416 1060 450 eos:
1105 397 1302 447 viciffim·
1321 404 1474 449 autem
1497 398 1581 456 illi,
1616 398 1695 462 qui
1727 399 1774 447 in
1799 411 1951 449 amore
1973 400 2144 451 coelesti
2167 401 2285 464 sunt,

310 482 407 530 quo
437 466 620 514 interius
652 465 723 514 seu
759 466 957 529 superius
989 468 1035 513 in
1067 464 1216 512 lucem
1235 462 1365 511 Coeli
1392 465 1601 523 veniunt,
1641 481 1695 513 eo
1733 465 1894 514 clarius
1928 468 2089 514 omnia
2111 467 2292 527 vident,

310 535 361 578 &
400 546 583 594 quoque
618 532 874 596 pulchriora
909 531 1099 586 omnia,·
1132 545 1184 577 ac
1220 545 1275 577 eo
1314 528 1632 590 intelligentius
1676 532 1727 579 δε
1761 530 1995 593 sapientius
2035 528 2299 596 percipiunt?

308 610 426 644 vera.
495 598 593 661 Qi
629 599 674 644 in
712 612 865 645 amore
903 611 1121 659 corporeo
1161 594 1279 650 sunt,
1331 596 1807 656 nequaquamvivere
1844 598 2021 659 poffunt
2063 601 2108 646 in
2145 600 2299 648 calore

313 662 440 720 coeli,
475 663 736 710 narn'calor
756 661 880 710 Coeli
904 661 966 708 est
990 660 1182 709 coelestis
1215 674 1359 715 amor,
1394 659 1468 709 sed
1501 661 1547 706 in
1571 660 1718 708 calore
1751 659 1926 718 inferni,
1966 664 2047 726 qui
2075 662 2147 711 est«
2161 680 2291 713 amor

312 727 522 775 saeviendi
553 729 598 774 in
634 728 744 777 alios
775 729 855 791 qui
878 727 958 792 fibi
981 743 1071 775 non
1095 725 1282 781 favent3
1321 737 1577 773 contemtus
1609 725 1819 782 aliorum,
1858 729 2127 791 inimicitiae,
2169 731 2290 787 odia.

306 792 537 850 vindietae‚
574 792 675 842 sunt
707 794 824 840 illius
855 795 1021 842 amoris
1048 791 1268 856 jucunda,
1309 792 1354 839 in
1393 790 1558 854 quibus
1582 807 1689 838 curn
1715 790 1850 847 sunt„
1871 794 1918 840 in
1953 794 2029 841 sua
2050 796 2143 842 vita
2166 796 2285 854 sunt,

306 858 484 919 prorsus
519 875 611 906 non
634 858 828 907 scientes*
849 859 961 922 quid
1001 858 1053 906 lit
1088 860 1260 906 bonum
1298 856 1440 906 faeere
1478 858 1571 904 aliis
1611 873 1666 903 ex
1706 856 1802 919 ipso
1842 856 1978 915 bono,
2002 859 2067 921 ,ὃς
2102 875 2288 924 propter

303 922 452 986 ipsum
476 923 667 986 bonum,
708 925 780 973 sed
806 926 949 974 modo
970 925 1144 972 bonum
1177 939 1236 981 ex
1260 923 1378 970 malo
1411 923 1460 971 ὅτ
1486 934 1669 986 propter
1692 923 1880 979 malum.
1949 925 2046 981 Qui
2068 926 2121 973 in
2136 942 2290 976 amore

301 1005 524 1053 corporeo
561 990 680 1046 sunt,
726 1008 810 1040 nec
850 991 1054 1054 respirare
1091 989 1271 1053 poss'unt
1310 991 1355 1035 in
1398 990 1539 1045 coelo,
1589 1004 1696 1036 cum
1740 989 1898 1050 aliquis
1935 990 2079 1053 malua
2114 991 2290 1056 spiritus

302 1056 409 1102 illuc
433 1054 589 1113 fertur,
625 1058 759 1104 trahit
793 1058 988 1104 animam
1013 1056 1123 1104 ficut
1143 1057 1222 1118 qui
1257 1055 1424 1102 laborat
1455 1055 1500 1101 in
1534 1067 1710 1117 agone·,
1753 1055 1833 1116 qui
1863 1055 2015 1103 autern
2037 1057 2083 1102 in
2106 1059 2278 1106 coelesti

314 1137 466 1169 amore
488 1122 604 1179 sunt,
642 1139 697 1170 eo
730 1123 909 1171 liberius
945 1121 1171 1184 respirant,
1210 1122 1260 1168 &
1297 1121 1473 1183 plenius
1506 1122 1687 1174 vivunt,
1722 1135 1818 1182 quo
1850 1120 2033 1168 interius
2071 1122 2117 1168 in
2139 1123 2291 1174 Coelo.

313 1187 388 1234 Ex
411 1187 479 1234 his
501 1187 699 1236 constare
722 1188 883 1250 potest,
923 1187 1049 1250 quod
1070 1202 1199 1234 amor
1221 1186 1415 1238 coelestis
1438 1187 1486 1233 &
1511 1185 1747 1249 spiritualis
1779 1185 1832 1232 fit
1861 1186 2036 1233 coelum
2069 1188 2192 1250 apud
2212 1189 2294 1239 ho·

314 1254 503 1310 minem,
543 1253 732 1316 quia'illi
766 1254 910 1300 amori
933 1254 1087 1300 omnia
1108 1252 1232 1299 Coeli
1263 1251 1469 1314 inscripta
1494 1251 1624 1307 sunt;
1671 1251 1720 1298 δε
1743 1251 1869 1314 quod
1904 1268 2032 1300 amor
2053 1259 2294 1317 corporeus

312 1319 362 1365 δε
389 1319 641 1366 mundanus
680 1318 842 1383 absque
866 1318 1035 1366 coelesti
1058 1319 1106 1366 δι
1133 1318 1342 1382 spirituali
1379 1319 1465 1367 fint
1495 1316 1720 1365 infernum
1752 1317 1877 1380 apud
1900 1319 2151 1376 hominem,
2187 1322 2294 1384 quia

310 1384 396 1430 illis
425 1384 651 1432 amoribus
687 1386 840 1432 omnia
874 1384 1035 1432 inferni
1070 1385 1277 1447 inscripta
1299 1383 1414 1431 sunt.
1483 1384 1559 1431 Ex
1596 1383 1664 1430 his
1687 1395 1828 1446 patet,
1867 1385 1995 1447 quod
2031 1386 2077 1431 in
2100 1386 2292 1434 Coelum

311 1451 477 1507 veniat,
513 1451 586 1497 cui
622 1466 748 1498 amor
770 1450 963 1499 coelestis
987 1450 1035 1498 &
1061 1450 1296 1515 spiritualis
1319 1450 1398 1506 est,
1433 1466 1483 1498 ac
1520 1451 1566 1499 in
1602 1447 1828 1497 infernum
1865 1451 1939 1497 cui
1977 1466 2107 1499 amor
2129 1462 2294 1516 corpo-

308 1531 407 1562 reus
429 1516 477 1564 ὅτ
505 1517 762 1564 mundanus
782 1516 943 1581 absque
966 1516 1137 1564 coelesti
1161 1517 1210 1563 ὅτ
1237 1515 1451 1580 spirituali
1483 1515 1561 1564 est.

371 1584 484 1640 482.
521 1582 650 1645 Qod
668 1582 775 1641 fides
796 1593 1075 1632 nonmaneat
1099 1583 1301 1630 hominem
1319 1583 1368 1640 fi
1403 1598 1484 1629 non
1520 1598 1571 1630 ex
1608 1597 1750 1629 amore
1784 1577 1926 1641 coelesti
1947 1582 2030 1641 stt,
2077 1598 2158 1646 per
2182 1595 2297 1633 ,tam-

307 1649 500 1702 multam
524 1650 840 1711 experientiam
866 1649 978 1696 mihi
1008 1647 1337 1696 manifestatum
1366 1646 1448 1703 est,
1482 1660 1534 1694 ut
1562 1647 1594 1694 fi
1619 1647 1695 1695 illa
1717 1663 1822 1710 quae
1843 1648 1939 1694 vidi
1975 1650 2023 1695 δε
2047 1650 2200 1697 audivi
2234 1651 2295 1700 de

304 1730 356 1760 ea
392 1729 454 1770 re,
487 1714 831 1769 adducerentur,
871 1714 1111 1777 implerent
1143 1713 1344 1761 librum:
1404 1713 1492 1763 hoc
1525 1711 1671 1760 testari
1708 1712 1906 1776 possum,
1951 1714 2078 1776 quod
2115 1716 2294 1778 prorsus

305 1779 427 1826 nulla
446 1779 561 1827 fides
584 1780 654 1836 fit,
696 1796 778 1827 nec
800 1780 892 1827 ulla
913 1781 1007 1826 dari
1030 1782 1162 1842 poffit
1195 1779 1317 1842 apud
1341 1779 1441 1826 illos
1463 1779 1545 1841 qui
1573 1780 1624 1824 in
1652 1792 1806 1826 amore
1827 1794 2046 1841 corporeo
2077 1796 2289 1830 aemun-

305 1846 425 1892 dano
462 1844 623 1908 absque
663 1844 832 1892 coelesti
867 1847 917 1893 δε
947 1845 1159 1908 spirituali
1193 1844 1315 1901 sunt,
1345 1845 1396 1892 δε
1428 1844 1552 1908 quod
1590 1843 1734 1891 modo
1762 1843 1816 1891 fit
1848 1843 2040 1901 scientia,
2080 1840 2169 1894 autv
2189 1863 2291 1910 per-

260 1938 268 1946 s
304 1910 443 1957 suasio
465 1911 591 1973 quod
616 1911 775 1958 verum
801 1911 870 1968 fit,
905 1913 1013 1974 quia
1034 1909 1167 1958 servit
1189 1911 1332 1958 amori
1355 1909 1466 1966 suo·,
1512 1909 1698 1957 adduffi
1717 1925 1902 1972 quoque
1935 1908 2037 1957 sunt
2059 1910 2211 1974 plures
2231 1929 2290 1962 ex

253 1979 255 1981 ’
304 1976 392 2023 illis
432 1979 512 2040 qui
547 1966 930 2025 hut'umnaveru'nt
960 1976 1001 2024 se
1030 1978 1075 2024 in
1106 1977 1197 2024 fide
1219 1975 1362 2034 fuifl‘e‚
1396 1977 1456 2024 ad
1495 1976 1594 2023 illos
1627 1976 1709 2039 qui
1746 1978 1793 2022 in
1832 1975 1940 2033 fide,
1977 1976 2029 2023 ὅτ
2055 1988 2165 2025 tunc
2188 1979 2295 2029 data

300 2043 712 2091 communicatione
733 2055 1045 2107 perceperunt,
1069 2043 1195 2106 quod
1220 2043 1396 2106 prorsus
1418 2042 1542 2089 nulla
1564 2042 1649 2089 illis
1681 2041 1794 2089 fides
1816 2041 1870 2089 fit
1894 2062 1911 2098 ς
1949 2040 2131 2091 eonfeffi
2152 2045 2289 2093 etiam

301 2107 404 2155 sunt
436 2109 604 2172 postea,
639 2110 766 2173 quod
790 2110 934 2156 solum
960 2109 1138 2157 credere
1160 2124 1324 2157 verum
1345 2125 1396 2156 ac
1417 2108 1646 2164 Verbum,
1685 2107 1854 2154 nonsit
1876 2107 2003 2163 fides,
2037 2107 2112 2155 sed
2137 2126 2287 2159 amare

300 2188 464 2222 verum
487 2191 543 2221 ex
565 2184 717 2223 amore
739 2175 926 2232 coelesti,
966 2192 1016 2223 ac
1039 2175 1086 2222 id
1110 2175 1228 2223 velle
1251 2177 1299 2223 &
1321 2173 1462 2222 facere
1494 2189 1554 2222 ex
1587 2172 1819 2221 affefflone
1855 2174 2093 2222 interiore:
2139 2175 2289 2224 osten-s

299 2239 400 2287 sum
442 2242 577 2288 etiam
615 2242 693 2297 est,
727 2242 852 2304 quod
889 2241 1105 2305 persuasio
1146 2241 1346 2298 illorum,
1381 2257 1520 2304 quam
1553 2241 1765 2287 dixerunt
1803 2239 1964 2296 fidem,
2003 2239 2106 2288 effet
2146 2243 2291 2302 modo

299 2305 412 2353 ficut
436 2307 513 2353 lux
536 2307 725 2370 hyemi8‚
767 2309 812 2355 in
836 2324 927 2371 qua
947 2311 1056 2371 quia
1078 2324 1169 2355 non
1207 2308 1268 2355 est
1304 2307 1441 2363 calor,
1479 2309 1525 2353 in
1560 2307 1685 2353 terris
1724 2307 1878 2353 omnia
1913 2305 2147 2355 constrista
2179 2309 2288 2371 gelu

298 2373 577 2435 torpescunt„
611 2375 660 2421 &
683 2373 763 2420 sub
792 2375 893 2421 nive
920 2372 1107 2437 jacent·,
1148 2385 1422 2437 quapropter
1450 2373 1540 2420 ‘lux
1579 2372 1684 2418 fidei
1717 2371 1976 2434 persuafivae
2010 2373 2131 2436 apud
2167 2375 2287 2432 illos,

300 2450 356 2485 ut
389 2440 589 2501 primum
615 2439 848 2503 stringitur
871 2457 895 2487 a
919 2441 1050 2487 radiis
1072 2439 1184 2487 lucis
1206 2440 1331 2496 coeli,
1375 2450 1466 2487 non
1506 2439 1648 2485 modo
1684 2438 2000 2502 exstinguitur,
2041 2437 2113 2487 sed
2145 2441 2280 2489 etiam

298 2503 353 2551 fit
375 2504 488 2551 ficut
510 2505 639 2552 densa
661 2506 824 2569 caligo,
861 2508 906 2553 in
928 2522 1019 2570 qua
1040 2521 1177 2554 nerno
1207 2505 1249 2552 se
1273 2505 1432 2560 videt;
1478 2506 1528 2552 δε
1551 2517 1658 2552 tunc
1695 2504 1828 2551 simul
1864 2506 2068 2552 interiora
2100 2506 2158 2554 ita
2197 2507 2289 2569 rib-²

299 2570 624 2628 tenebrescunt,
660 2584 712 2618 ut
735 2572 912 2635 prorsus
937 2572 1046 2619 nihil
1069 2572 1340 2635 intelligant,
1372 2588 1422 2619 ac
1445 2571 1635 2619 demum
1663 2569 1875 2623 insaniant
1897 2581 1952 2617 ex
1976 2570 2103 2618 fallis.
2153 2573 2284 2635 Qua-'y

295 2648 481 2700 propter
519 2637 642 2700 apud
679 2638 784 2685 tales
815 2636 1076 2686 auferuntur
1109 2641 1264 2689 omnia
1297 2653 1415 2694 vera,
1457 2653 1562 2700 quae
1605 2652 1661 2684 ex
1695 2636 1851 2684 Verbo
1890 2636 1940 2683 δε
1976 2653 2033 2683 ex
2081 2637 2281 2685 doetrina

295 2703 513 2750 Ecclefiae
551 2702 790 2760 sciverunt,
829 2705 879 2752 ὅτ
918 2704 1129 2751 dixerunt
1165 2704 1248 2751 effe
1286 2704 1377 2750 suae
1414 2703 1549 2760 fidei,
1572 2705 1621 2751 δε
1658 2703 1759 2749 loco
1798 2703 1979 2750 illorum
2017 2703 2282 2757 imbuuntur

293 2770 423 2815 omni
446 2767 553 2816 falso
575 2767 702 2832 quod
738 2770 981 2818 concordat
1010 2786 1120 2818 curn
1144 2771 1264 2818 malo
1285 2772 1402 2817 vitae.
1416 2784 1575 2817 eorum
1597 2791 1611 2824 ;
1647 2769 1957 2816 immittuntur
1978 2770 2100 2816 enim
2122 2784 2280 2816 omnes

294 2835 343 2879 in
365 2849 538 2896 amores
561 2834 677 2892 suos,
714 2837 764 2884 &
786 2852 896 2889 cum
917 2836 1004 2884 illis
1038 2839 1086 2884 in
1117 2835 1218 2885 falsa
1247 2834 1592 2891 concordantia3
1629 2835 1678 2882 &
1702 2847 1810 2881 tunc
1833 2850 1955 2891 vera,
1988 2835 2090 2896 quia
2112 2849 2289 2898 repug2

294 2912 402 2946 nant
441 2899 554 2960 fallis
592 2902 713 2958 mali,
749 2904 795 2948 in
819 2903 984 2966 quibus
1017 2902 1135 2959 sunt,
1169 2902 1279 2952 odio
1317 2902 1482 2949 habent
1519 2917 1567 2948 ac
1603 2901 1868 2957 aversantur,
1906 2898 2033 2948 &fic
2056 2897 2273 2960 rejiciunt.

293 2966 407 3012 Hoc
438 2965 582 3012 testari
614 2968 790 3030 poffum
825 2983 882 3014 ex
912 2970 1040 3015 omni
1071 2969 1339 3032 experientia
1367 2968 1424 3015 de
1454 2966 1587 3015 rebus
1611 2967 1732 3013 Coeli
1759 2968 1807 3014 δε
1830 2957 2007 3018 Inferni,
2044 2966 2168 3026 quod
2193 2968 2274 3030 qui

291 3030 429 3078 solam
465 3030 604 3078 fidem
639 3048 694 3078 ex
723 3033 924 3081 doetrina
955 3032 1048 3081 faffi
1079 3033 1195 3090 sunt,
1232 3034 1350 3082 &in
1384 3034 1504 3081 malo
1539 3033 1688 3096 quoad
1711 3034 1849 3080 vitam
1885 3027 2080 3086 fuerunt,
2115 3047 2274 3079 omnes

291 3098 337 3143 in
362 3095 536 3144 inferno
560 3096 676 3152 fint;
711 3097 808 3145 vidi
843 3097 1069 3162 conjeftos
1107 3099 1215 3147 illuc
1254 3099 1312 3147 ad
1352 3100 1480 3163 plura
1514 3100 1670 3157 millia,
1705 3099 1762 3154 de
1783 3095 1946 3160 quibus
1970 3097 2015 3142 in
2039 3097 2276 3159 Opusculo

289 3164 347 3211 de
368 3163 552 3212 Ultimo
573 3163 762 3224 :Iudicio
791 3163 841 3213 &
867 3165 1111 3229 Babylonia
1141 3164 1375 3217 destrufta.
1621 3227 1624 3231 Ι
1704 3191 1707 3194 -
2037 3228 2059 3272 8
2148 3222 2214 3292 Q
2239 3190 2278 3276 ,Δ

687 3245 715 3292 3
1313 3286 1317 3289 .
1367 3287 1371 3291 .
1422 3284 1425 3287 ,
1599 3250 1605 3258 ·’
1996 3243 2030 3288 4
2067 3244 2110 3290 3·
2168 3243 2244 3276 ’ΖΜ
2273 3248 2278 3262 ”
