2546 3786
313 254 461 333 ωε,
613 257 728 322 Du
793 252 1156 331 cont-o
1215 274 1312 334 ET
1371 250 1982 332 INFERNo„

305 380 505 445 plerique
537 380 727 427 credunt
761 380 887 443 quod
923 382 968 428 in
1003 381 1196 434 coelum,
1231 378 1338 442 quia
1357 379 1404 427 in
1428 380 1603 429 mundo
1628 380 1844 428 moralem
1868 380 1919 429 δε
1938 379 2119 430 civilem
2144 384 2288 445 vitam

304 442 504 508 egerunt,
548 463 637 493 non
677 449 922 510 cogitantes
958 447 1084 508 quod
1121 444 1226 491 mali
1259 459 1310 491 ae
1344 442 1452 492 boni
1475 439 1664 494 fimilem
1686 450 1826 498 vitam
1849 458 1983 510 agant
2007 449 2051 494 in
2077 451 2291 509 externis,

307 512 507 559 similiter
528 512 760 560 aliis-bona
784 512 962 568 faciant,
998 527 1046 558 ac
1071 509 1270 557 fimiliter
1298 508 1580 572 frequentent
1612 513 1796 576 templa,
1832 513 1878 559 &z
1904 510 2151 562 auscultent
2173 530 2291 579 pra:-

308 578 566 634 dicationes‚
602 583 650 627 &
692 590 852 631 orent;
904 576 1080 640 prorsus
1119 592 1210 623 non
1247 573 1445 635 scienta,
1481 576 1608 638 quod
1651 578 1819 637 externi
1861 579 1982 626 actus
2021 580 2071 626 &
2110 593 2292 630 externa

309 643 455 690 cultus
482 644 588 690 nihil
615 643 789 699 iaciant,
826 643 897 690 scd
924 646 1093 689 interna
1115 658 1171 688 ex
1193 640 1356 703 quibus
1379 654 1558 688 externa
1580 643 1861 705 procedunt:
1898 660 1949 689 ex
1973 645 2145 707 aliquot
2169 647 2293 694 mille

240 710 242 712 ’
307 710 387 756 vix
418 726 530 756 unus
565 710 643 756 scit
677 710 786 772 quid
818 710 1004 770 interna,
1039 709 1087 755 ὅτ
1111 707 1236 771 quod
1262 707 1306 753 in
1331 707 1396 753 his
1419 705 1472 753 fit
1495 707 1684 756 Coelum
1707 703 1975 773 &Ecclesia
1996 711 2167 759 homini
2189 735 2203 769 ς
2238 713 2290 761 δε

308 775 456 821 minus
482 776 607 838 quod
632 778 800 832 externi
824 775 945 822 actus
971 775 1075 821 tales
1100 773 1219 829 {intr
1234 773 1389 837 quales
1413 771 1512 820 sunt
1534 774 1802 820 intentiones
1821 773 1871 826 δε
1893 775 2201 841 cogitationes,
2237 780 2288 826 &

303 843 350 886 in
376 841 441 899 his
464 858 591 888 amor
613 842 662 888 &
689 841 816 898 fides,
853 856 910 887 ex
935 840 1100 904 quibus
1125 839 1254 887 sunt:
1291 839 1340 886 &
1365 854 1471 886 cum
1495 838 1790 896 instruuntur,
1825 842 2132 904 nonreapjunt
2159 844 2290 907 quod

279 958 282 960 ,
305 907 502 967 cogitare
526 909 573 954 &
601 908 713 954 velle
732 907 896 969 aliquid
923 906 1100 962 faciant,
1137 904 1211 952 sed
1237 905 1392 952 solum·
1407 905 1531 968 loqui
1556 905 1605 952 &
1628 920 1756 966 agere
1777 923 1787 954 :
1825 904 1930 953 tales
1953 893 2052 965 sunt
2071 908 2292 974 plerique,

305 975 384 1035 qui
411 974 542 1020 hodie
566 989 620 1020 ex
643 973 769 1022 Orbe
792 973 1042 1021 Christiano
1066 973 1111 1018 in
1135 972 1316 1018 alteram
1340 972 1485 1018 vitam
1512 971 1712 1035 veniunt.
2129 1030 2133 1033 ἡ

371 1041 486 1102 496.
525 1038 990 1103 ΕΧΡΙΟΜΩωΓυΓςυε
1014 1055 1039 1085 a
1063 1037 1189 1084 bonis
1213 1037 1439 1100 spiritibus
1461 1035 1612 1099 quales
1636 1035 1752 1094 sunt,
1788 1036 1837 1084 ac
1860 1034 1946 1090 hoc
1970 1035 2291 1103 variisrmodis,

304 1107 521 1167 quoniam
546 1105 592 1153 in
616 1107 766 1168 primo
789 1106 876 1152 hoc
895 1105 1004 1151 statu
1029 1103 1132 1150 mali
1156 1119 1287 1165 aeque
1311 1119 1414 1149 vera
1446 1102 1710 1165 loquuntur,
1745 1118 1806 1149 ac.
1837 1101 1955 1149 bona
1988 1117 2147 1166 agunt,
2170 1106 2294 1161 ,sicut

309 1171 413 1231 boni
437 1193 451 1227 3
473 1211 476 1215 .
498 1188 553 1218 ex
591 1171 734 1227 causa,
780 1172 837 1218 de
876 1187 964 1232 qua
1003 1169 1147 1231 supra,
1183 1169 1287 1231 quia
1326 1184 1457 1230 aeque
1498 1167 1723 1229 moraliter
1761 1170 1972 1229 vixerunt
2017 1172 2062 1216 in
2107 1184 2292 1224 externa

306 1234 471 1296 forma,
507 1239 725 1300 quoniam
763 1238 805 1282 in
844 1236 1156 1298 regiminibus,
1193 1237 1241 1282 δε
1267 1234 1346 1281 sub
1384 1233 1576 1296 legibus,
1612 1235 1662 1281 δε
1684 1235 1900 1297 quoniam
1926 1251 2005 1299 per
2028 1235 2073 1282 id
2099 1253 2290 1302 aucupa-

306 1297 468 1349 verunt
502 1302 670 1350 famam
701 1300 809 1364 justi
847 1303 895 1350 δι
933 1302 1105 1357 finceri,
1141 1302 1187 1347 δε
1230 1313 1522 1364 captaverunt
1559 1301 1752 1358 animos,
1787 1301 1836 1347 &
1859 1298 1919 1348 fic
1941 1303 2085 1349 evecti
2109 1302 2210 1363 sunt
2232 1305 2291 1363 ad

303 1367 509 1424 honores,
547 1369 595 1415 δι
636 1368 794 1415 lucrati
833 1384 972 1431 opes:
1011 1365 1370 1437 internosquntur
1390 1382 1498 1420 vero
1537 1367 1642 1412 mali
1667 1366 1843 1429 spiritus
1866 1383 1891 1427 a
1914 1366 2042 1416 bonis
2066 1371 2295 1432 imprimis

302 1449 382 1496 per
420 1435 482 1490 id,
526 1434 654 1496 quod
691 1433 797 1481 mali
833 1434 997 1497 cupide
1038 1433 1268 1480 attendant
1293 1434 1363 1479 'ad
1401 1432 1478 1478 illa
1508 1448 1615 1495 quae
1651 1433 1864 1479 dicuntur
1904 1433 1961 1481 de
1997 1437 2204 1492 externiS,
2241 1438 2292 1484 δε
2346 1454 2350 1455 ’

301 1515 459 1561 parum
496 1516 603 1563 quae
641 1501 698 1547 de
738 1501 939 1558 internis,
979 1516 1084 1563 quae
1107 1497 1207 1547 sunt
1231 1514 1332 1546 vera
1354 1499 1403 1546 &
1428 1498 1546 1545 bona
1569 1498 1782 1560 Ecclefiae
1802 1499 1853 1546 δε
1877 1495 2031 1556 Coeli-,
2066 1502 2164 1552 haec
2188 1504 2291 1566 qui-

300 1566 414 1612 dem.
440 1568 645 1621 audiunt,
682 1565 754 1613 sed
795 1583 885 1614 non
924 1582 1030 1613 cum
1067 1568 1313 1627 attentione
1350 1566 1400 1612 ὅτ
1438 1564 1634 1630 gaudio:
1673 1563 2028 1625 internoscuntur
2050 1568 2185 1615 etiam
2210 1582 2290 1632 per

300 1631 366 1687 id,
400 1632 527 1694 quod
561 1631 814 1696 frequenter
853 1633 894 1680 se
934 1645 1197 1679 convertant
1233 1629 1289 1678 ad
1323 1644 1461 1678 certas
1495 1631 1675 1692 plagas,
1699 1631 1749 1677 &
1772 1646 1883 1677 caum
1903 1631 1984 1678 fibi
2008 1630 2147 1687 relicti
2170 1633 2288 1691 sunt,

299 1698 430 1760 quod
449 1710 550 1745 eant
575 1701 667 1745 vias
690 1714 795 1761 quae
816 1698 923 1745 illuc
946 1697 1168 1752 tendunt3
1203 1711 1261 1744 ex
1300 1695 1586 1754 conversione
1618 1695 1682 1742 ad
1722 1695 1895 1759 plagas,
1931 1697 1980 1743 &
2003 1713 2060 1744 ex
2082 1701 2288 1762 progres-

299 1761 419 1810 sione
441 1778 520 1826 per
542 1765 653 1820 vias,
689 1763 884 1810 noscitur
906 1764 1048 1826 qualis
1071 1761 1135 1808 est
1157 1777 1284 1809 amor
1304 1762 1386 1824 qui
1409 1761 1550 1817 ducit.
1679 1813 1702 1820 ..
1823 1817 1848 1821 ,⁷
1895 1804 1898 1805 γ

310 1886 314 1889 Δ
367 1844 481 1893 497.
516 1830 693 1876 Omnes
735 1828 911 1892 spiritus
950 1830 1029 1891 qui
1052 1827 1243 1890 alluunt
1281 1843 1306 1873 e
1345 1827 1537 1882 munde,
1570 1825 1759 1888 quidem
1789 1826 1958 1895 alligati
1982 1827 2083 1877 sunt
2102 1830 2290 1878 cuidam

298 1893 491 1942 societati
515 1895 559 1940 in
581 1896 719 1949 coelo,
757 1894 827 1942 vel
851 1895 1034 1941 cuidam
1058 1892 1254 1942 societati
1276 1893 1323 1942 in
1349 1891 1539 1952 inferno,
1575 1891 1649 1953 sed
1688 1891 1829 1951 modo
1866 1893 2028 1956 quoad,
2060 1896 2286 1952 interiora,
2334 1927 2341 1933 κ

298 1960 362 2006 ast
401 1961 607 2007 interiora
646 1960 756 2008 nulli
794 1973 948 2025 patent
987 1960 1210 2024 quamdiu
1241 1958 1608 2020 invexterioribujs
1642 1957 1757 2015 sunt,
1793 1973 1898 2019 narn
1923 1971 2102 2016 externa
2124 1974 2286 2025 tegunt

298 2027 347 2072 δι
370 2025 648 2074 abscondunt
684 2028 877 2089 interna,
908 2022 1106 2074 maxime
1144 2026 1265 2089 apud
1304 2025 1403 2084 illos
1438 2026 1521 2088 qui
1557 2026 1604 2072 in
1629 2025 1847 2088 interiori
1879 2026 2000 2073 malo
2039 2026 2139 2076 sunt
2159 2050 2173 2085 3
2210 2028 2283 2076 sed

296 2091 446 2156 postea
473 2091 698 2139 manifeste
721 2106 948 2156 apparent,
984 2108 1091 2155 cum
1117 2093 1161 2139 in
1185 2091 1431 2140 secundum
1456 2090 1619 2138 statum
1642 2092 1860 2147 veniunt3
1894 2093 2002 2155 quia
2038 2104 2146 2140 tunc
2180 2111 2283 2158 ape-

296 2160 471 2206 riuntur
502 2160 707 2205 interiora
728 2175 903 2215 eorum,
939 2175 988 2206 ac
1015 2158 1245 2222 sopiuntur
1268 2159 1498 2218 exteriora.

362 2226 478 2291 498.
517 2225 671 2270 Status
700 2225 771 2271 hic
812 2227 985 2288 primus
1024 2224 1222 2271 hominis
1265 2222 1365 2286 post
1405 2236 1599 2271 mortem
1639 2223 1770 2270 durat
1807 2222 2030 2286 aliquibus
2061 2241 2139 2288 per
2170 2226 2284 2283 dies,

295 2289 515 2352 aliquibus
557 2306 635 2352 per
675 2290 859 2346 menses,
897 2293 944 2337 δε
983 2290 1202 2353 aliquibus
1242 2306 1321 2353 per
1361 2305 1547 2346 annum,
1584 2290 1640 2336 ὅτ
1656 2296 1756 2336 raro
1778 2289 1908 2336 alicui
1933 2290 2048 2346 ultra
2077 2308 2280 2348 annum3

294 2356 478 2418 singulis
506 2371 613 2405 curn
642 2356 893 2403 differentia
917 2357 1160 2404 secundum
1185 2357 1447 2418 interiorum
1473 2356 1838 2414 concordantiam
1862 2357 1910 2402 ὅτ,
1936 2354 2280 2414 discordantiam

294 2438 400 2481 cum
445 2422 767 2470 exterioribus:
818 2423 939 2486 apud
986 2423 1506 2486 unumquemvis.enim
1545 2423 1763 2469 exteriora
1800 2423 1850 2469 ὅτ
1889 2423 2096 2486 interiora
2134 2440 2278 2472 unum

291 2500 442 2549 agent,
480 2489 527 2534 &
550 2489 974 2551 correspondebunt,
1010 2505 1102 2536 non
1125 2489 1227 2536 licet
1252 2489 1383 2535 alicui
1407 2491 1452 2535 in
1476 2487 1686 2552 spirituali
1719 2488 1893 2535 mundo
1925 2489 2050 2536 aliter
2084 2492 2303 2553 cogitare·

294 2554 481 2611 &avelle
505 2569 554 2599 ac
579 2554 702 2600 aliter
725 2555 919 2617 loqui&
943 2571 1091 2618 agere,
1126 2554 1314 2618 quisque
1346 2555 1408 2602 ibi
1441 2557 1523 2601 erit
1548 2552 1637 2602 suae
1660 2553 1907 2602 affectionis
1930 2554 2002 2602 seu
2029 2555 2091 2603 sui
2117 2557 2278 2604 amoris

291 2619 478 2682 effigies,
513 2619 616 2666 ideo
638 2621 778 2682 qualis
800 2621 861 2668 est
885 2623 930 2668 in
955 2621 1238 2668 interioribus
1273 2622 1371 2674 talis¹
1384 2622 1465 2667 erit
1483 2622 1529 2667 in
1552 2620 1869 2675 exterioribus3
1905 2637 2039 2683 quare
2063 2625 2278 2669 exteriora

293 2684 469 2745 spiritus
506 2685 708 2747 primum
750 2697 1012 2749 reteguntur
1041 2688 1089 2736 δι
1115 2688 1383 2751 rediguntur
1415 2687 1465 2735 in
1491 2687 1718 2745 ordinem,
1749 2701 1799 2735 ut
1823 2686 2010 2749 serviant
2036 2689 2280 2753 proplano

291 2750 659 2816 correspondente
682 2753 978 2815 interioribus.

2117 3089 2267 3152 DE
