2546 3786
559 204 687 267 Da
744 202 1121 282 COELQ
1177 205 1922 275 zmINFERNo.
2141 212 2232 295 69

247 334 492 384 secundum
525 332 702 381 bonum
738 334 932 390 amoris,
952 332 1000 380 in
1035 347 1131 396 quo
1166 331 1267 381 sunt
1288 332 1624 397 Intelligentes:
1669 337 1772 386 talia
1805 336 1962 385 vident
2003 334 2084 392 illi,
2108 339 2230 400 ‘quia

248 403 431 448 Hortus
456 402 504 448 &
529 398 777 455 Paradisus,
811 399 862 447 ὅτ
884 412 1068 461 quoque
1091 398 1268 457 arbores
1298 398 1539 449 fructiferas
1570 418 1621 450 ac
1643 403 1790 460 flores,
1830 402 2145 466 Intelligentiae
2179 405 2230 450 δε

249 468 488 531 Sapientiae
511 461 857 527 correspondent
876 464 1012 522 (ooo).
1083 465 1229 523 Quod
1265 465 1365 513 talia
1398 467 1444 514 in
1468 467 1612 515 Coelis
1648 469 1750 526 slot,
1791 463 1963 516 notum'
1991 469 2127 516 etiam
2165 468 2229 515 est

246 534 290 580 in
318 534 461 588 terris,
502 531 574 578 sed
609 527 750 576 modo
783 527 870 574 illis
903 532 983 592 qui
1007 532 1052 578 in
1078 530 1199 579 bono
1220 530 1336 587 sunt,
1372 532 1423 580 &
1461 549 1554 580 non
1589 533 1894 582 exstinxerunt
1927 534 2076 582 lucem
2101 534 2225 582 Coeli

246 599 370 663 apud
405 598 446 644 se
477 612 556 660 per
578 591 772 640 naturale
806 592 960 641 lumen
983 597 1032 643 ὅτ
1055 594 1149 659 ejus
1180 595 1400 653 fallacias;
1441 601 1643 661 cogitant
1673 601 1794 648 enim
1827 601 1875 648 &
1899 599 2076 656 dicunt,
2115 615 2223 648 cum

246 666 303 712 de
327 663 481 719 Coelo,
514 658 640 723 quod
664 657 725 704 ibi
748 658 849 706 talia
872 660 972 718 fint,
996 678 1088 727 quae
1109 665 1309 729 nusquam
1332 665 1452 712 auris
1473 667 1665 723 audivit,
1703 666 1760 717 ἐρ’
1785 665 1924 714 oculus
1945 665 2077 714 vidit.

297 843 421 918 De
460 838 833 945 Vestibusg
869 841 1131 950 quibus
1168 840 1405 920 induti
1454 861 1805 949 apparent
1843 846 2140 953 Angeli.

566 1111 672 1157 luris
710 1112 824 1157 inter
863 1109 922 1166 se,
958 1112 1062 1158 ideo
1096 1109 1181 1156 illis
1216 1109 1356 1156 vestes
1394 1109 1511 1166 sunt,
1549 1109 1778 1158 domicilia
1808 1110 1926 1168 sunt,
1974 1111 2023 1158 δι
2062 1112 2222 1159 similia

565 1176 709 1239 plura,
746 1192 852 1223 cum
877 1176 1127 1224 differentia
1150 1188 1317 1232 tamen,
1351 1175 1479 1239 quod
1517 1173 1607 1223 illis
1643 1174 1907 1239 perfectiora
1942 1178 2095 1225 omnia
2116 1178 2217 1235 sint,

235 1242 340 1304 quia
375 1241 419 1287 in
444 1239 695 1303 perfeetiori
719 1242 864 1289 statu:
907 1258 1014 1290 nam
1038 1241 1149 1288 sicut
1182 1240 1388 1304 sapientia
1421 1241 1622 1304 angelica
1644 1241 1822 1289 excedit
1854 1241 2112 1307 sapientiam
2132 1244 2217 1291 hu-

245 1058 349 1109 ¹77·
384 1042 677 1213 QUIA
712 1043 883 1107 Angeli
907 1044 1112 1095 homines
1135 1041 1252 1100 sunt,
1288 1045 1337 1092 &
1370 1043 1485 1090 inter
1508 1039 1550 1090 se
1571 1041 1736 1092 vivunt
1758 1043 1872 1092 ficut
1895 1044 2099 1093 homines
2135 1047 2218 1094 tel·

145 1358 152 1362 ,
236 1323 414 1354 manam
452 1309 496 1353 in
521 1307 595 1354 tali
621 1308 783 1370 gradu,
824 1319 876 1354 ut
911 1309 1086 1356 dicatur
1113 1306 1362 1364 ineffabilis,
1404 1308 1464 1354 ita
1493 1323 1676 1371 quoque
1707 1308 1860 1356 omnia
1892 1323 1999 1371 quae
2035 1310 2092 1357 ab
2130 1309 2219 1356 illis

235 1373 545 1436 percipiuntur
568 1375 617 1421 δε
642 1374 726 1420 illis
760 1388 1006 1436 apparent3
1054 1388 1158 1420 nam
1192 1373 1347 1419 omnia
1379 1388 1485 1436 quae
1516 1372 1572 1420 ab
1598 1374 1785 1436 Angelis
1822 1375 2132 1438 percipiuntur
2160 1376 2219 1423 δὲ

236 1439 321 1485 illis
345 1451 575 1501 apparent,
611 1440 836 1503 sapientiae
858 1439 1040 1486 illorum
1063 1438 1425 1501 correspondent,
1461 1439 1666 1486 videatur
1701 1438 1830 1503 supra
1867 1455 1929 1488 n:
1954 1456 2060 1504 173.

307 1510 411 1568 178.
448 1505 617 1560 VesteS,
642 1505 806 1567 quibus
829 1506 999 1568 Angeli
1033 1504 1181 1552 induti
1205 1504 1321 1560 sunt,
1347 1504 1547 1551 similiter
1569 1520 1619 1551 ac
1642 1505 1826 1568 reliqua,
1850 1505 2214 1569 correspondent,

233 1571 284 1618 &
307 1571 410 1632 quia
443 1569 789 1631 correspondent
819 1570 953 1618 etiam
988 1570 1159 1617 realiter
1179 1569 1390 1626 existunt,
1425 1569 1626 1616 videatur
1647 1568 1776 1633 supra
1814 1587 1874 1617 n:
1900 1587 2023 1635 175:
2062 1571 2218 1619 Vestes

235 1636 416 1682 illorum
442 1634 785 1698 correspondent
808 1635 1123 1698 Intelligentiae
1147 1633 1329 1684 illorum
1350 1656 1366 1691 ;
1404 1647 1678 1699 quapropter
1709 1651 1868 1682 ornnes
1891 1637 1937 1682 in
1960 1637 2105 1683 Coelis
2136 1652 2216 1700 ap·

233 1713 388 1764 parent
410 1700 556 1748 vestiti
591 1700 836 1749 secundum
861 1701 1200 1763 intelligentiam
1219 1722 1235 1757 3
1275 1701 1324 1748 &
1347 1701 1454 1764 quia
1475 1716 1590 1749 unus
1625 1700 1917 1763 intelligentia
1937 1701 2118 1766 praestat
2152 1703 2215 1749 al-

232 1769 331 1822 teri,
373 1784 399 1813 n
420 1785 430 1814 :
451 1784 512 1830 43
538 1767 588 1814 &
617 1772 726 1824 128,
766 1767 870 1814 ideo
903 1768 982 1814 uni
1016 1766 1340 1831 praestantiores
1363 1766 1505 1814 vestes
1546 1765 1647 1817 sunt
1681 1783 1818 1830 quam
1858 1767 2011 1815 alteri:
2052 1768 2215 1817 intelli-

234 1833 499 1895 gentiffimis
533 1832 632 1879 sunt
663 1832 800 1881 vestes
842 1831 1120 1882 coruscantes
1157 1831 1269 1879 ficut
1307 1847 1364 1879 ex
1397 1832 1600 1889 flamma,
1634 1831 1899 1896 quibusdam
1933 1833 2215 1897 splendentes

232 1899 345 1945 ficut
367 1913 422 1944 ex
444 1897 576 1952 luce,
619 1900 766 1945 minus
789 1897 1142 1960 intelligentibus
1164 1898 1266 1945 sunt
1287 1897 1427 1948 vestes
1450 1898 1657 1946 candidae
1679 1899 1729 1946 ὅτ
1751 1897 1865 1946 albae
1886 1898 2048 1961 absque
2069 1899 2213 1963 splen-

231 1964 372 2018 dore;
406 1964 454 2010 ὅτ
471 1963 617 2011 adhuc
641 1964 790 2011 minus
811 1964 1163 2026 intelligentibus
1184 1961 1287 2010 sunt
1307 1962 1448 2010 vestes
1471 1963 1834 2012 diversicolores:
1870 1965 2040 2027 Angeli
2060 1977 2210 2013 autem

235 2029 384 2075 intimi
408 2029 533 2075 Coeli
558 2028 658 2075 sunt
681 2029 808 2076 nudi.

301 2109 406 2158 179.
443 2093 567 2152 Quia
590 2093 744 2140 Vestes
777 2093 1066 2157 Angelorum
1116 2092 1463 2157 correspondent
1501 2091 1810 2156 intelligentiae
1854 2093 2062 2150 illorum,
2107 2095 2211 2143 ideo

229 2159 363 2207 etiam
396 2158 742 2222 correspondent
779 2175 905 2216 vero,
940 2161 1155 2223 quoniam
1195 2159 1344 2207 omnis
1377 2157 1670 2221 intelligentia
1694 2158 1757 2205 est
1794 2173 1851 2205 ex
1875 2159 2048 2206 Divino
2068 2160 2208 2216 Vero,

229 2237 502 2288 quapropter
536 2225 625 2272 five
648 2225 769 2272 dicas
791 2226 918 2289 quod
944 2226 1113 2288 Angeli
1147 2225 1294 2273 induti
1333 2224 1418 2272 sint
1447 2223 1692 2272 secundum
1726 2224 2082 2288 intelligentiam,
2122 2226 2212 2273 five

229 2291 477 2338 secundum
507 2291 735 2338 Divinum
759 2291 953 2347 Verum,
994 2292 1117 2339 idem
1158 2291 1252 2338 est:
1300 2290 1427 2353 quod
1467 2289 1607 2337 vestes
1651 2291 1939 2353 quorundam
1980 2291 2211 2340 coruscent

231 2354 344 2402 licut
381 2371 437 2402 ex
460 2356 659 2413 flamma,
695 2358 745 2403 &
778 2357 1066 2420 quorundam
1108 2357 1362 2420 splendeant
1401 2355 1512 2403 sicut
1545 2371 1601 2403 ex
1635 2355 1751 2412 luce,
1791 2356 1853 2403 est
1891 2357 1996 2420 quia
2027 2357 2209 2405 flamma

231 2420 545 2483 correspondet
578 2421 716 2478 bono,
754 2423 905 2469 &lux
927 2437 1037 2470 vero
1065 2438 1120 2469 ex
1143 2423 1264 2470 bono
1282 2422 1417 2484 (ppp)
1434 2439 1449 2469 .·
1489 2421 1614 2485 quod
1638 2422 1925 2484 quorundam
1950 2421 2091 2470 vestes
2123 2423 2208 2471 fint

207 2487 436 2534 '‘candidae
473 2487 522 2534 &
558 2487 671 2535 albae
703 2485 866 2551 absque
911 2487 1159 2551 splendore,
1214 2488 1263 2536 δε
1301 2490 1587 2552 quorundam
1621 2486 1968 2544 diversicolores,
1980 2488 2208 2599 I§.st-quia

886 2588 889 2591 .
952 2587 956 2592 .
2029 2569 2204 2601 ivinum

196 2658 198 2660 ’
251 2666 256 2670 «
285 2648 390 2704 (ooo)
416 2646 547 2701 ‘Qod
583 2647 736 2690 Hortus
768 2647 808 2689 δι
843 2647 1041 2691 Paradisus
1073 2647 1298 2704 significent
1330 2649 1631 2704 intelligentiam
1666 2648 1705 2690 δι
1740 2649 1984 2703 sapientiam,
2031 2662 2080 2689 n:
2106 2661 2202 2692 100.

232 2707 328 2749 108.
352 2718 477 2760 3220.
538 2702 650 2757 Qid
671 2704 823 2747 Hortus
851 2707 900 2747 ab
929 2705 1086 2756 Edene,
1119 2707 1159 2748 &
1179 2705 1330 2748 Hortus
1350 2705 1543 2759 Jehovae,
1563 2716 1617 2746 n:
1638 2719 1709 2762 99.
1735 2718 1829 2748 100.
1858 2706 1982 2760 1588.
2039 2705 2107 2747 De
2126 2705 2203 2748 Pa·

229 2762 420 2804 radifiacis
455 2763 494 2802 in
530 2761 650 2803 altera
681 2763 765 2803 vita
795 2776 917 2816 quam
949 2762 1179 2818 magnifica,
1211 2775 1265 2804 n:
1290 2776 1412 2805 1122.
1441 2765 1563 2805 1622.
1586 2763 1712 2818 2296.
1733 2762 1860 2816 4528.
1887 2775 2017 2818 4529.
2075 2761 2199 2816 Qod

227 2820 403 2873 Arbores
420 2818 930 2873 fignificent'perceptiones
945 2820 984 2862 &
999 2820 1264 2875 cognitiones,
1278 2834 1326 2861 ex
1342 2820 1485 2872 quibus
1497 2820 1679 2872 sapientia
1695 2817 1733 2860 δι
1749 2819 2027 2874 intelligentia,
2043 2832 2088 2860 n:
2104 2833 2199 2877 103.

228 2878 356 2931 2163.
377 2877 501 2923 2682.
526 2888 651 2932 2722.
676 2888 802 2934 2972.
826 2877 952 2932 7692.
1012 2876 1136 2931 Qod
1169 2877 1320 2919 fructus
1350 2875 1573 2932 significent
1607 2877 1710 2918 bona
1739 2876 1884 2917 amoris
1913 2877 1952 2918 ὅτ
1980 2877 2200 2927 charitatis,

227 2945 284 2974 n:
340 2946 355 2973 1
421 2962 431 2974 .
454 2934 507 2975 *6
539 2946 580 2976 0.
719 2962 730 2974 .

285 2934 418 3045 (31³3
479 2947 557 3032 u<9>d
579 2946 716 3032 V9e3st3e7s
747 2991 786 3031 in
810 2989 947 3031 Verbo
982 2988 1205 3046 significent
1238 3003 1331 3032 vera
1362 3004 1412 3031 ex
1442 2988 1805 3044 correspondentia,
1837 3003 1894 3031 n:
1921 3003 2045 3047 1073.
2067 2991 2193 3047 2576.

229 3058 357 3100 5319.
373 3058 499 3100 5954.
514 3059 640 3102 9212.
658 3049 783 3103 9216.
802 3060 931 3103 9952.
952 3048 1106 3104 10536.
1149 3047 1260 3099 Quia
1281 3062 1372 3091 vera
1392 3047 1605 3090 investiunt
1625 3048 1794 3097 bonum,
1827 3061 1874 3088 n:
1897 3054 2022 3102 5248.
2070 3047 2191 3100 Qod

226 3103 408 3142 velamen
442 3101 635 3157 significet
670 3104 953 3151 intellectuale,
986 3108 1078 3159 quia
1109 3105 1332 3147 intellectus
1366 3105 1421 3146 est
1452 3105 1642 3158 recipiens
1674 3105 1774 3154 veri,
1806 3118 1860 3146 n:
1883 3099 2008 3162 6378.
2068 3104 2192 3155 Quod

227 3157 366 3199 Vestes
386 3158 563 3202 candida·
590 3172 640 3202 ex
672 3161 784 3216 bysso
815 3160 1039 3216 significent
1067 3175 1161 3203 vera
1192 3175 1242 3202 ex
1262 3159 1435 3210 Divino,
1468 3174 1524 3202 n:
1546 3174 1673 3218 5319.
1695 3162 1822 3218 9469.
1882 3161 2006 3217 Qod
2029 3161 2193 3204 flamma

225 3213 419 3270 significet
439 3216 589 3258 bonum
608 3217 818 3272 spirituale,
850 3219 888 3261 δι
910 3218 980 3261 lux
1000 3219 1092 3261 inde
1112 3232 1254 3262 verum
1275 3232 1324 3262 ex
1347 3218 1416 3262 illo
1437 3218 1562 3269 bono,
1593 3233 1623 3261 n
1642 3233 1657 3262 ·.
1675 3231 1798 3275 3222.
1821 3218 1948 3277 6832.
