2546 3786
306 277 432 338 228
603 271 1142 339 DECOELO
1201 295 1300 337 ET
1357 270 1975 340 INF-‘E'RNOJ‘

301 398 479 446 medani
500 414 609 447 vero
646 399 702 447 ab
725 399 932 464 Angelis,
966 402 1046 464 qui
1067 401 1188 464 prius
1211 399 1259 446 in
1281 398 1445 446 eadem*
1459 400 1672 465 religione
1695 400 1883 458 fuerant,
1917 401 1967 450 δι
1991 404 2190 453 converti
2212 406 2272 466 ad

303 464 610 512 Christianam.
683 466 850 513 Gentes
872 480 1054 528 quoque
1077 481 1102 511 a
1125 464 1210 511 suis
1236 465 1443 526 Angelis.
1508 463 1511 488 ³
1654 516 1659 519 ,
2257 466 2263 475 “

309 573 336 586 ,,
369 530 477 590 516.
514 532 680 578 Omnis
703 532 930 578 instruftio
953 531 1013 576 ibi
1037 530 1091 577 fit
1112 546 1167 577 ex
1193 530 1409 578 Dotstrina
1431 543 1551 592 quae‘
1568 547 1625 578 ex
1645 532 1813 588 Verbo,
1849 534 1897 581 ὅτ,
1920 549 2010 581 non
2045 549 2102 582 ex
2124 534 2280 583 Verbo

302 593 464 657 absque
488 597 713 644 doctrina:
752 596 987 643 Christiani
1012 595 1288 650 instruuntur
1309 610 1365 641 ex
1388 595 1604 642 noetrina
1625 596 1811 653 coelesti,
1845 614 1948 660 quae
1971 600 2148 661 prorsus
2169 615 2280 648 con·

304 662 458 708 cordat
497 678 602 709 cum
640 663 813 708 interno
852 661 970 709 sensu
996 662 1149 709 Verbi.
1220 660 1420 724 Reliqui,
1456 673 1506 706 ut
1548 657 1885 719 Mahumedani,
1923 666 1969 711 δι
2003 666 2189 723 GenteS‚
2224 682 2283 714 ex

303 726 530 773 Dodtrinis
570 729 718 791 captui
761 743 917 774 eorum
958 727 1219 790 adaequatis,
1254 742 1359 789 quae
1396 742 1420 772 a
1456 726 1672 773 Dostrina
1694 725 2039 789 Coelestipmodo
2063 731 2280 779 differunt

303 791 349 836 in
386 808 456 848 eo,
490 793 615 855 quod
650 793 881 855 spiritualis
903 795 998 840 vita
1030 794 1241 840 doceatur
1274 807 1353 856 per
1388 792 1620 847 moralem,
1656 789 1989 841 consentaneam
2015 795 2140 844 bonis
2164 797 2281 861 dog·

304 858 495 904 matibus
520 859 744 921 religionis
767 875 941 916 eorum,
967 875 1021 906 ex
1044 875 1131 922 qua
1155 861 1296 905 vitam
1321 857 1440 905 suam
1463 860 1508 904 in
1533 857 1708 904 mundo
1731 868 1973 905 traxerunt.

331 980 335 984 ⁸
369 939 479 987 517.
517 924 826 972 Instrufflones
865 927 909 972 in
951 925 1097 973 Coelis
1133 924 1348 971 differunt
1386 924 1441 971 ab
1478 923 1839 970 instrudtion-ibus
1879 925 1923 970 in
1965 925 2104 982 terr-is,
2150 928 2279 990 quod

303 990 583 1051 cognitiones
626 1007 716 1038 non
752 992 1019 1039 mandentur
1060 991 1308 1046 memoriae,
1356 989 1428 1036 sed
1468 991 1607 1044 vitae·,
1644 1005 1749 1037 nam
1790 990 2006 1036 memoria
2043 990 2279 1053 spirituum

303 1054 367 1100 est
391 1055 435 1101 in
460 1057 550 1104 vita
572 1072 748 1113 eorum,
783 1057 1003 1119 recipiunt
1036 1057 1156 1103 enim
1195 1057 1243 1102 &
1274 1053 1486 1102 imbuunt
1523 1055 1677 1101 omnia
1716 1070 1823 1118 quae
1861 1056 2136 1103 concordant
2171 1061 2281 1107 vitae

302 1135 479 1178 eorum,
515 1124 564 1170 δε
587 1137 677 1169 non
702 1123 937 1185 recipiunt,
975 1123 1123 1168 minus
1155 1120 1368 1168 imbuunt
1400 1136 1506 1183 quae
1537 1137 1625 1167 non
1653 1121 1947 1177 concordant,
1983 1137 2087 1170 nam
2109 1122 2282 1185 spiritus

302 1184 708 1243 suntaffeffiones,
743 1188 791 1235 &
827 1189 930 1234 inde
970 1188 1015 1233 in
1057 1185 1202 1233 forma
1246 1187 1439 1233 humana
1476 1186 1607 1233 fimili
1643 1186 1950 1234 affectionibus
1989 1187 2088 1234 suis.
2160 1189 2282 1248 Quia

302 1252 411 1299 tales
450 1252 566 1309 sunt,
594 1251 766 1315 jugiter
804 1251 1038 1316 inspiratur
1075 1252 1250 1300 affectio
1275 1253 1367 1299 veri
1407 1265 1590 1316 propter
1625 1251 1724 1299 usus
1747 1255 1890 1308 vitae·;
1926 1253 2136 1315 providet-
2158 1257 2279 1304 enim

301 1317 547 1374 DominuS,
583 1330 633 1364 ut
666 1316 853 1381 quisque
891 1331 1012 1366 amet
1050 1316 1152 1366 usus
1191 1319 1270 1381 qui
1311 1320 1590 1366 conveniunt
1629 1318 1770 1366 indoli
1809 1334 2003 1374 eorum,
2035 1321 2114 1382 qui
2154 1335 2282 1369 amor

300 1383 435 1429 etiam
465 1383 685 1431 exaltatur
715 1400 795 1448 per
828 1383 951 1448 spem
986 1385 1112 1448 quod
1153 1382 1292 1432 futuri
1332 1384 1416 1431 fint
1451 1385 1627 1447 angeli:
1665 1386 1712 1432 &
1737 1385 1841 1447 quia
1862 1398 2021 1431 omnes
2045 1384 2146 1432 usus
2168 1387 2278 1434 coeli

300 1446 342 1493 se
381 1446 575 1496 referunt
608 1450 662 1497 ad
701 1449 831 1497 usum
874 1466 1186 1507 communem,
1222 1451 1299 1513 qui
1329 1449 1392 1496 est
1415 1466 1500 1514 pro
1523 1452 1693 1513 Regno
1711 1450 1921 1507 Domini,
1955 1451 2080 1514 quod
2118 1452 2179 1498 ibi
2217 1451 2282 1500 est

298 1514 440 1575 patria
462 1515 662 1572 illorum,
698 1517 745 1565 &
770 1517 877 1579 quia
899 1532 1055 1564 omnes
1079 1517 1180 1564 usus
1203 1515 1408 1579 speciales
1441 1517 1490 1563 δε
1531 1516 1767 1579 singulares
1804 1528 1982 1564 tantum
2021 1516 2279 1580 praestantes

300 1580 414 1636 sunt,
449 1593 671 1644 quantum
697 1584 882 1646 propius
906 1584 955 1630 &
978 1583 1079 1646 plus
1104 1583 1298 1646 speetant
1331 1583 1461 1629 illum
1495 1598 1810 1638 communem,
1845 1582 1958 1630 ideo·
1983 1598 2141 1630 omnes
2177 1583 2280 1631 usus

299 1643 501 1707 speciales
542 1648 590 1694 &
630 1648 886 1711 fingulares,
922 1651 1000 1710 qui
1025 1647 1366 1695 innumerabiles
1390 1648 1506 1703 sunt,
1542 1648 1721 1694 boni&
1746 1647 1945 1695 coelestes
1969 1647 2068 1695 sunt
2089 1670 2108 1703 ;<
2140 1665 2277 1711 quare

295 1711 417 1772 apud
462 1715 815 1775 unumquemvis
851 1711 1141 1776 conjungitur
1175 1713 1466 1759 affestio‘veri
1505 1727 1613 1758 cum
1650 1712 1880 1758 affefflone
1918 1712 2038 1767 usus,
2073 1715 2183 1760 adeo
2227 1728 2279 1762 ut

298 1791 443 1824 unum
484 1790 646 1840 agant:
682 1794 763 1841 per
797 1778 844 1824 id
880 1779 1173 1841 implantatur
1192 1793 1350 1823 verum
1377 1777 1488 1833 usui,
1525 1777 1583 1823 fic
1607 1789 1659 1823 ut
1680 1793 1809 1831 vera,
1835 1793 1941 1840 quae
1963 1778 2156 1835 discunt,
2191 1779 2277 1827 smt

299 1841 571 1890 ususvvera:
623 1844 682 1889 ita
723 1842 1000 1890 instruuntur
1036 1843 1251 1905 Angelici
1294 1841 1486 1904 spiritus,
1535 1842 1585 1888 δε
1625 1855 1931 1905 praeparantur
1975 1843 2042 1888 ad'
2069 1845 2272 1892 Coelum.

299 1907 500 1954 Affectio
524 1908 615 1954 veri
651 1910 954 1956 conveni-entis
989 1910 1083 1956 usui
1124 1909 1367 1955 insinuatur
1401 1924 1479 1971 per
1501 1909 1621 1954 varia
1647 1907 1809 1964 media,
1843 1922 2040 1971 quorum
2067 1908 2275 1973 pleraque

296 1975 450 2034 ignota
471 1973 570 2020 sunt
594 1975 639 2021 in
666 1975 872 2030 mundo,
908 1976 1132 2039 imprimis
1161 1991 1240 2038 per
1273 1973 1625 2038 repraesentativa
1648 1973 1828 2029 usuum,
1864 1989 1969 2041 quae
1993 1975 2038 2020 in
2064 1973 2274 2037 spirituali

295 2039 472 2087 mundo
508 2039 715 2087 sistuntur
754 2040 874 2088 mille
913 2041 1080 2097 modis,
1130 2042 1176 2089 δι
1214 2056 1320 2088 cum
1360 2040 1519 2087 talibus
1557 2039 1719 2086 delitiis
1755 2040 1801 2086 δι
1839 2040 2186 2097 amaenitatibus,
2222 2055 2275 2089 ut

292 2117 523 2166 penetrent
546 2106 753 2169 spiritum
773 2107 828 2153 ab
852 2108 1131 2154 interioribus
1163 2122 1268 2170 quae
1301 2105 1400 2152 sunt
1427 2107 1586 2152 mentis
1608 2104 1703 2167 ejus
1726 2106 1782 2152 ad
1807 2103 2023 2152 exteriora
2045 2121 2149 2167 quae
2174 2107 2274 2154 sunt

291 2171 493 2233 corporis
528 2170 637 2234 ejus,
675 2174 721 2218 δι
749 2173 806 2219 fic
831 2173 1030 2220 afficiunt
1053 2185 1200 2220 toturn
1223 2195 1239 2227 ·,
1275 2172 1377 2218 inde
1417 2171 1470 2218 fit
1507 2170 1683 2234 spiritus
1719 2169 1840 2233 quasi
1867 2170 1969 2217 suus
1993 2170 2123 2216 usus:
2158 2188 2270 2235 qua-

291 2248 476 2300 propter
499 2253 604 2284 cum
630 2239 676 2284 in
699 2237 948 2285 societatem
974 2240 1096 2286 suam
1120 2239 1260 2294 venit,
1296 2239 1342 2284 in
1377 2253 1516 2300 quam
1560 2253 1639 2299 per
1678 2236 2013 2283 instruffionem
2055 2235 2271 2294 initiatur,

291 2303 336 2347 in
374 2300 447 2349 sua
484 2305 578 2350 vita
611 2303 673 2350 est
713 2320 818 2351 cum
859 2306 904 2351 in
944 2304 1022 2352 suo
1056 2303 1136 2352 usu
1160 2306 1286 2364 (aa).
1357 2305 1431 2350 Ex
1454 2303 1522 2350 his
1546 2301 1743 2350 constare
1766 2301 1926 2364 potest,
1961 2302 2085 2364 quod
2113 2305 2271 2363 cogni-

290 2368 448 2423 tiones,
483 2384 589 2431 quae
627 2369 726 2416 sunt
763 2386 868 2418 vera
903 2384 1097 2427 externa,
1134 2387 1224 2417 non
1263 2368 1442 2425 faciant,
1478 2381 1530 2417 ut
1566 2368 1669 2432 quis
1706 2368 1752 2414 in
1788 2368 1960 2414 coelum
1993 2368 2160 2424 veniat,
2196 2368 2269 2415 sed

290 2432 379 2496 ipsa
401 2437 508 2491 vita,
545 2451 649 2498 quae
673 2436 734 2482 est
759 2437 848 2482 vita
870 2437 989 2494 usus,
1025 2437 1166 2484 indita
1187 2452 1266 2500 per
1298 2436 1599 2498 cognitiones,⁴
2247 2468 2254 2475 ,

355 2505 464 2560 518.
510 2501 710 2548 Fuerunt
745 2502 952 2566 Spiritus,
1002 2504 1176 2566 qui-ex
1220 2502 1491 2564 cogitatione
1530 2502 1575 2547 in
1615 2499 1791 2547 mundo
1830 2499 1908 2547 fibi
1949 2498 2268 2563 persuaserunt,

288 2566 414 2627 quod
437 2567 483 2612 in
507 2567 678 2613 coelum
704 2570 880 2615 venturi
903 2568 1056 2624 essent,
1091 2569 1139 2615 ὅτ
1164 2584 1260 2631 prae
1281 2567 1386 2621 ⁴aliis
1417 2567 1732 2631 reciperentur,
1766 2567 1870 2630 quia
1905 2566 2027 2612 docti
2067 2565 2267 2621 fuerunt,

287 2632 336 2676 ὅτ
361 2628 580 2679 sciverunt
603 2633 748 2680 multa
770 2649 825 2680 ex
846 2634 1018 2690 Verbo,
1054 2634 1103 2681 &
1126 2650 1182 2681 ex
1214 2634 1429 2680 doetrinis
1453 2633 1770 2688 Ecclefiarum,
1805 2631 2034 2678 credentes
2057 2632 2115 2679 fic
2137 2631 2262 2695 quod

288 2697 499 2759 sapientes
520 2699 673 2756 effent,
710 2701 758 2746 &
783 2699 907 2762 quod
933 2699 1141 2747 intellecti
1164 2700 1249 2748 sint
1272 2715 1350 2763 per
1373 2699 1491 2755 illos,
1525 2699 1582 2746 de
1613 2698 1777 2762 quibus
1815 2698 1997 2755 dicitur,
2032 2696 2266 2808 quodfuIZ

2115 2777 2242 2823 geren

344 2889 442 2944 (aa)
475 2889 597 2941 Quod
627 2906 749 2934 omne
781 2892 934 2933 bonum
966 2893 1077 2934 suurn
1103 2892 1330 2947 jucundum
1364 2891 1505 2932 habeat
1533 2905 1583 2931 ex
1611 2889 1756 2938 ufibus,
1790 2885 2065 2939 &secundum
2088 2885 2189 2934 Usus,
2221 2885 2262 2927 &-

283 2960 444 3000 quoque
463 2948 574 2989 suum
593 2949 730 3001 quale,¹
756 2951 846 2992 inde
878 2950 1002 3002 qualis
1037 2951 1126 2997 usus
1157 2949 1235 2991 tale
1267 2951 1438 2997 bonum,
1470 2961 1526 2988 n:
1552 2961 1678 3003 3049-
1703 2945 1830 3002 4984·
1852 2942 1975 3002 7038·
2036 2940 2161 2993 QOd
2181 2942 2260 2983 Vita

282 3003 459 3058 angelica
481 3003 660 3045 consistat
681 3006 721 3046 in
739 3004 854 3047 'bonis
875 3007 1020 3047 amoris
1040 3006 1079 3047 δι
1100 3006 1318 3058 charitatis,
1351 3006 1405 3046 ita
1424 3006 1464 3045 in
1486 3003 1615 3046 usibus
1635 3003 1874 3058 praestan-dis,
1903 3011 1930 3037 ¹¹
1955 3011 1964 3037 :
1985 3010 2010 3049 4
2015 3010 2039 3052 5
2046 3012 2084 3053 3·
2135 2997 2260 3052 Qod

282 3075 304 3101 a
327 3059 522 3108 Domino,
554 3060 593 3100 &
621 3061 711 3102 inde
745 3064 792 3102 ab
813 3063 995 3116 Angelis,
1029 3078 1111 3115 non
1143 3063 1365 3117 speEientur
1396 3061 1466 3103 nist
1497 3061 1611 3112 fines,
1642 3063 1711 3117 qui
1737 3055 1955 3101 sumturus,
1987 3056 2096 3108 apud·
2128 3056 2259 3096 homi·

280 3131 392 3166 nem,
425 3131 483 3157 n:
511 3129 633 3172 1317.
667 3119 789 3172 1645.
814 3119 940 3173 5844.
999 3119 1124 3173 Qod
1158 3120 1347 3174 Regnum
1381 3118 1551 3160 Domini
1581 3119 1630 3160 fit
1661 3119 1846 3170 Regnum
1880 3112 2039 3161 usuum,
2071 3127 2098 3152 ¹¹
2121 3127 2131 3154 ἒ
2151 3126 2253 3167 453·

275 3175 379 3230 -696,
422 3187 544 3228 1103.
576 3176 701 3230 3645,
732 3190 858 3230 4054.
894 3177 1021 3232 7038.
1083 3176 1207 3230 Qod
1240 3177 1381 3219 servire
1400 3176 1588 3219 Domino
1619 3174 1668 3216 fit
1701 3173 1789 3213 usus
1822 3168 2020 3223 praestare‚
2051 3170 2254 3225 n:7038.

278 3232 402 3331 ngd
435 3232 558 3331 hongo
584 3232 669 3275 talis
694 3232 757 3284 fit,
789 3234 921 3287 quales
940 3236 1031 3278 sunt
1051 3237 1138 3277 usus
1158 3235 1260 3291 apud
1279 3233 1414 3286 illum,
1447 3247 1505 3276 n:
1532 3231 1654 3287 1568·
1679 3242 1804 3287 3570·
1823 3239 1951 3282 4054·
1973 3226 2101 3283 6571·
2125 3227 2255 3283 6934·

276 3292 360 3347 693
395 3319 403 3329 .
431 3301 509 3331 102
541 3302 582 3341 4.
