2546 3786
305 271 391 346 42
608 267 726 355 Du
775 234 1319 330 'coELo'w
1379 263 1979 329 INFERNO.

303 394 512 443 naturalis
533 410 642 443 cum
664 393 875 442 omnibus
899 391 984 442 suis
1008 392 1153 442 existit
1175 393 1229 442 δε
1246 393 1436 450 subsistit
1458 411 1488 443 a
1511 394 1699 444 Mundo
1739 392 1968 456 spirituali,
1992 453 1996 455 4
2017 393 2074 443 δι’
2100 405 2286 461 uterque

306 472 333 506 a
355 461 555 518 Divino:
603 461 770 508 dicitur
806 460 933 523 quod
972 459 1108 506 etiam
1145 457 1362 519 subsistat,
1398 462 1504 525 quia
1540 476 1678 511 omne
1716 458 1904 507 subsistit
1939 475 1965 506 a
1989 475 2083 523 quo
2120 463 2285 522 existit,

303 523 573 574 subsistentia
604 527 728 574 enim
752 525 815 572 est
839 535 1052 589 perpetua
1080 522 1325 582 existentia,
1355 527 1411 573 ’ὅτ
1431 526 1542 590 quia
1571 542 1663 573 non
1684 525 1852 588 aliquid
1885 525 2109 573 subfistere
2143 531 2294 590 potest

305 608 332 639 a
355 591 412 650 se,
436 593 526 640 ‘sed
549 609 572 639 a
595 593 734 656 priori
757 590 816 649 se,
859 592 917 638 ita
939 605 964 637 a
986 590 1161 647 Primo,
1195 605 1232 637 a·
1243 591 1361 662 Quo
1386 592 1537 655 itaque
1558 591 1591 638 si
1615 591 1854 658 separatur,
1894 589 2072 655 prorsus
2100 595 2215 656 perit
2238 596 2288 644 δι

308 657 541 706 evanescit.
661 666 664 670 '
2216 676 2218 679 ·

378 738 483 787 107.
519 721 674 770 Omne
713 722 758 769 id
796 719 1160 784 correspondens
1191 719 1270 777 est,
1317 720 1445 783 quod
1492 722 1538 768 in
1573 721 1752 768 Natura
1796 737 1856 768 ex
1896 721 2072 769 Ordine
2110 723 2286 772 Divino

302 789 450 836 existit
472 788 522 834 &
544 787 744 834 subsistit.
816 787 1044 836 Ordinem
1069 787 1292 834 Divinum
1332 785 1439 834 facit
1462 787 1687 834 Divinum
1714 787 1894 834 Bonum
1930 788 2057 850 quod
2082 790 2287 850 procedit

301 868 328 900 a
343 853 591 910 rDomin03
616 853 812 900 inchoat
841 853 897 900 ab
920 852 1036 916 Ipso,
1071 853 1276 915 procedit
1298 852 1354 898 ab
1377 851 1481 915 lpso
1513 868 1590 915 per
1612 852 1771 899 Coelos
1809 852 2042 901 succeffive
2066 855 2110 900 in
2137 856 2283 903 Mun-

301 918 434 976 dum,
465 921 520 966 vac
559 921 604 966 in
638 919 809 966 ultimis
839 918 900 965 ibi
931 919 1223 979 terminatur:
1269 933 1376 981 quae
1401 918 1646 966 secundum
1670 918 1896 971 Ordinem
1921 918 1983 965 ibi
2015 919 2132 977 sunt,
2169 921 2285 979 Cor-q

303 983 628 1048 respondentiae
653 983 782 1033 sunt:
824 983 1068 1031 secundum
1093 985 1299 1030 ordinem
1335 984 1397 1030 ibi
1433 984 1534 1031 sunt
1570 986 1733 1030 omnia·
1751 999 1858 1047 quae
1883 984 1999 1032 bona
2019 986 2068 1032 ὅτ
2093 985 2286 1048 ρετξεξὶει

306 1050 407 1096 sunt
439 1051 494 1097 ad
529 1051 684 1107 usum,
726 1066 832 1098 nam
871 1066 1009 1097 omne
1049 1049 1222 1097 bonum
1260 1049 1324 1096 est
1352 1050 1535 1096 bonum
1579 1049 1824 1096 secundum
1865 1052 2029 1105 usum3
2075 1050 2221 1100 forma
2243 1052 2287 1101 se

302 1114 436 1163 refert
458 1116 514 1163 ad
537 1133 716 1173 verum,
754 1117 861 1179 quia
884 1131 1043 1162 verum
1082 1115 1146 1162 est
1169 1113 1315 1162 forma
1336 1115 1476 1166 boni:
1523 1115 1628 1162 inde
1657 1114 1736 1171 est,
1774 1115 1900 1178 quod
1923 1116 2083 1163 omnia
2099 1132 2206 1180 quae
2236 1119 2285 1166 in

303 1181 508 1229 universo
535 1183 718 1229 Mundo
740 1197 789 1241 ac
813 1183 859 1227 in
883 1179 1055 1228 Mundi
1091 1192 1246 1228 natura
1275 1182 1322 1227 in
1345 1181 1520 1228 Ordine
1539 1181 1713 1230 Divino
1735 1180 1852 1237 sunt,
1895 1180 1936 1228 se
1959 1181 2014 1228 ad
2031 1181 2211 1236 ‘bonurn
2232 1185 2285 1233 δε

301 1257 462 1295 verum
487 1246 672 1294 referant
691 1247 785 1308 (k).

377 1315 480 1362 108.
519 1312 663 1377 Qod
697 1311 851 1360 omnia
871 1327 978 1377 quae
1011 1311 1058 1358 in
1095 1311 1273 1359 mundo
1296 1311 1397 1360 sunt
1428 1327 1486 1360 ex
1506 1312 1682 1360 Divino
1702 1311 1910 1370 existant,
1951 1328 2003 1360 ac
2041 1313 2287 1363 induantur

300 1377 460 1425 talibus
484 1379 530 1424 in
553 1386 724 1435 natura,
766 1393 845 1442 per
868 1378 1060 1442 quaeibi
1081 1377 1166 1424 effe
1188 1379 1385 1441 possunt,
1420 1379 1470 1429 δε
1493 1376 1634 1431 facere
1670 1377 1820 1434 usum,
1847 1380 1908 1429 ⁷&
1932 1379 1992 1426 fic
2020 1381 2282 1444 correspon-

299 1443 421 1500 dere,
460 1444 632 1492 constat
655 1443 881 1492 manifeste
917 1459 973 1491 ex
1008 1442 1194 1506 singulis
1216 1459 1322 1505 quae
1355 1446 1401 1490 in
1424 1444 1591 1506 Regno
1628 1455 1719 1494 tam
1756 1443 1935 1490 animali
1973 1459 2110 1507 quam
2144 1462 2282 1510 vege·

295 1508 416 1557 tabili
443 1522 690 1574 apparent;
728 1511 775 1557 in
798 1522 992 1574 utroque
1015 1509 1116 1556 sunt
1137 1508 1255 1567 talia,
1294 1509 1626 1574 quae-quisque
1658 1508 1812 1557 videre
1835 1508 1997 1572 potest,
2031 1510 2066 1557 si
2087 1526 2143 1558 ex
2165 1513 2281 1559 inte-

293 1575 400 1622 riori
421 1579 606 1640 cogitat,
641 1575 768 1639 quod
803 1592 827 1624 e
849 1574 987 1625 Coelo
1018 1574 1134 1631 fint3
1174 1576 1231 1622 ad
1255 1574 1594 1624 illustrationem
1629 1590 1687 1622 ex
1719 1575 2115 1624 innumerabilibus
2139 1592 2280 1640 pauca

295 1640 402 1688 licet
420 1651 718 1698 memorare,
768 1641 842 1690 h'ic
870 1643 1077 1706 primum
1114 1640 1263 1705 aliqua
1299 1644 1346 1687 in
1386 1643 1533 1703 Regno
1568 1640 1761 1702 animali,
1818 1640 1880 1689 ibi
1918 1641 2063 1703 qualis
2100 1641 2279 1692 fcientia

294 1706 417 1770 quali
441 1706 567 1756 inlita
587 1707 641 1756 sit
662 1707 847 1756 cuilibet
877 1706 1075 1764 animali,
1110 1706 1316 1771 pluribus
1338 1719 1501 1755 notum
1523 1705 1622 1762 est3
1656 1707 1800 1754 sciunt
1817 1707 1943 1769 Apes
1972 1707 2119 1770 legere
2144 1711 2278 1759 mella

294 1788 351 1822 ex
374 1773 576 1835 floribus,
617 1773 810 1821 condere
843 1774 1022 1822 cellulas
1058 1788 1117 1820 ex
1156 1788 1271 1830 cera,
1305 1773 1352 1820 in
1375 1772 1540 1836 quibus
1566 1772 1698 1820 mella
1719 1771 1795 1820 sua
1827 1772 2088 1830 recondant,
2125 1775 2175 1822 &
2214 1776 2273 1823 fle

292 1836 376 1885 fibi
411 1839 460 1887 &
484 1839 571 1887 fuis
593 1839 842 1903 prospicere
878 1839 982 1887 cibo
1011 1840 1146 1887 etiam
1171 1855 1256 1902 pro
1291 1837 1444 1886 futura
1480 1838 1676 1902 hyeme3
1716 1836 1915 1886 faemella
1946 1854 2106 1887 eorum
2145 1844 2276 1904 ponit

291 1919 396 1962 ova,
429 1908 578 1952 caeteri
604 1906 867 1963 ministrant,
905 1906 958 1954 8τ
981 1905 1380 1952 circuminducunt
1400 1904 1497 1961 illa,
1539 1916 1591 1952 ut
1614 1904 1720 1951 inde
1744 1919 1864 1951 nova
1892 1919 2097 1968 propago
2129 1906 2274 1955 nasca-

294 1979 403 2026 tur·,
438 1972 602 2019 vivunt
627 1972 672 2018 in
694 1971 891 2036 quadam
915 1971 1148 2035 regiminis
1172 1968 1336 2027 forma,
1369 1985 1507 2034 quam
1547 1984 1611 2017 ex·
1642 1969 1773 2016 infito
1796 1981 1964 2017 norunt
1995 1986 2161 2033 omnes
2193 1973 2275 2032 ibi,

291 2036 420 2084 utiles
443 2036 720 2094 conservant,
759 2036 1012 2084 ac·inutiles
1034 2033 1218 2099 ejiciunt
1240 2051 1294 2083 ac
1315 2036 1554 2098 deprivant
1573 2035 1650 2081 alis
1670 2055 1686 2090 3
1722 2046 1888 2098 praeter
1919 2035 2003 2082 alia
2038 2037 2273 2097 mirabilia,

291 2115 398 2164 quae
421 2101 506 2149 illis
523 2114 580 2149 ex
602 2101 724 2149 coelo
746 2114 932 2165 propter
947 2101 1076 2148 usum
1098 2121 1113 2155 3
1139 2115 1238 2147 cera
1253 2099 1375 2147 enim
1393 2098 1572 2147 inservit
1594 2099 1796 2147 humano
1816 2101 1967 2162 generi
1981 2115 2066 2163 pro
2080 2101 2274 2151 lucernis

290 2168 338 2213 in
361 2178 462 2215 toto
483 2167 608 2224 orbe,
632 2168 682 2215 &
707 2166 797 2214 mel
821 2182 905 2230 pro
936 2165 1198 2231 condiendis
1221 2164 1345 2214 cibis.
1417 2164 1545 2223 Quid
1567 2179 1659 2212 non
1683 2165 1735 2212 fit
1759 2180 1867 2212 cum
1890 2166 2165 2224 vermiculis,
2189 2171 2283 2233 qui'

290 2234 336 2278 in
361 2234 528 2296 Regno
559 2233 738 2281 animali
764 2234 966 2281 viliffima
983 2232 1115 2288 sunt3
1149 2231 1294 2279 sciunt
1320 2231 1389 2281 ,illi
1422 2230 1463 2279 se
1494 2232 1662 2279 nutrire
1691 2230 1833 2278 succo·
1854 2247 1909 2279 ex
1931 2231 2017 2279 suis
2045 2231 2181 2290 foliis,
2219 2238 2270 2285 &
2341 2237 2346 2240 ’

287 2298 441 2361 postea
471 2299 628 2347 exacto
653 2314 856 2362 tempore
877 2298 919 2348 se
943 2300 1116 2346 circum
1141 2298 1354 2346 inducere
1385 2298 1603 2362 tegmine,
1645 2297 1841 2361 &quast
1864 2299 2096 2362 ponere‘in
2121 2313 2266 2359 utero,

286 2365 337 2412 &
360 2364 419 2412 fic
441 2365 678 2413 excludere
698 2365 873 2429 prolem
909 2364 974 2412 sui
1008 2365 1210 2429 generis:
1255 2363 1700 2428 quidamvertuntur
1719 2364 1923 2428 primum
1965 2366 2010 2412 in
2046 2368 2270 2429 nymphas

287 2431 337 2476 &
367 2431 660 2493 chrysallides,
706 2447 755 2479 ac
793 2431 868 2479 fila
907 2431 1188 2495 producunt,
1222 2430 1272 2477 δε
1312 2429 1413 2494 post
1445 2429 1726 2477 exantlatum
1766 2430 1979 2480 laborem,
1997 2446 2270 2480 exornantur

286 2495 375 2543 alio
397 2508 606 2559 corpore,
636 2499 686 2544 &
710 2496 1008 2561 infigniuntur
1032 2497 1128 2554 alis,
1165 2499 1216 2547 δι
1238 2497 1394 2544 volant
1427 2497 1474 2544 in
1509 2510 1605 2544 aere
1636 2508 1688 2543 ut
1724 2495 1876 2544 infsuo
1894 2497 2033 2553 coelo,
2072 2512 2122 2545 ac
2154 2501 2264 2546 con-

275 2559 408 2625 jugia
429 2563 667 2619 celebrant,
701 2575 879 2626 ponunt
900 2578 1002 2620 ova,
1038 2562 1198 2610 &2fibi
1222 2562 1499 2627 prospiciunt
1521 2562 1839 2626 posteritatem.
1909 2562 2181 2611 Praeterrhos
2214 2565 2262 2612 in

287 2626 446 2689 specie,
483 2628 627 2676 sciunt
666 2630 710 2679 in
746 2644 905 2691 genere
936 2629 1089 2676 omnia
1111 2628 1307 2676 volatilia
1346 2628 1455 2675 coeli
1489 2628 1590 2688 ἧκε
1613 2628 1764 2684 -cibos,
1800 2627 1963 2691 quibus
1997 2629 2266 2687 nutriantur,

288 2703 379 2740 non
403 2693 547 2742 solum
572 2695 756 2757 quinam
783 2693 900 2751 sunt,
935 2693 1007 2742 sed
1031 2695 1163 2742 etiam
1190 2694 1373 2741 ubinam
1395 2715 1410 2750 3
1454 2693 1598 2741 sciunt
1621 2694 1912 2741 conderefibi
1935 2694 2081 2750 nidos,
2117 2710 2263 2744 unum

284 2774 429 2821 genus
467 2761 592 2808 aliter
627 2775 763 2824 quarn
805 2761 1015 2817 alterum,
1052 2775 1219 2824 ponere
1258 2760 1321 2807 ibi
1359 2763 1463 2816 ova',
1500 2759 1709 2807 incubare
1749 2760 1851 2817 illis,
1891 2760 2125 2809 excludere
2163 2760 2263 2810 suos

279 2824 448 2886 pullos,
482 2828 529 2875 δι
555 2826 684 2885 alere,
723 2826 968 2890 acvejicere
1008 2826 1151 2875 domo
1186 2842 1294 2874 cum
1333 2825 1397 2874 sui
1425 2823 1542 2890 juris
1572 2825 1654 2873 effe
1693 2825 1903 2890 poss‘unt3
1948 2825 2090 2873 sciunt
2125 2826 2261 2875 etiam

284 3008 457 3049 mundus
488 3007 678 3048 naturalis
711 3021 806 3049 cum
840 2986 993 3052 mundo
1024 3009 1226 3063 spirituali,
1269 3023 1323 3051 n:
1356 3010 1482 3064 8615.
1543 3008 1666 3063 Quod
1702 3009 1794 3051 inde
1829 3006 2008 3048 universa
2040 3016 2179 3048 natura
2211 3007 2264 3050 fit·

282 3066 481 3119 theatrum
501 3064 865 3118 repraesentativum
886 3066 1018 3122 Regni
1040 3065 1232 3118 Domini,
1249 3080 1314 3123 n:
1347 3068 1475 3125 2758.
1506 3080 1633 3125 2999.
1660 3078 1788 3123 3000.
1822 3063 1949 3120 3483.
1978 3063 2107 3119 4938.
2127 3077 2260 3123 4939.

278 3121 407 3232 δεῖξ’
429 3121 564 3232 {fige-l
586 3138 723 3222 omnia
743 3180 786 3221 in
809 3180 990 3223 universo
1009 3189 1093 3225 tam
1113 3180 1237 3224 Coelo
1256 3195 1376 3237 quam
1398 3181 1571 3232 mundo,
1600 3193 1691 3236 quae
1711 3177 1928 3220 secundum
1952 3178 2133 3220 ordinem
2152 3178 2261 3229 sunt,

277 3237 316 3278 se
338 3250 381 3277 re
399 3241 512 3277 erant
534 3237 581 3276 ad
601 3237 815 3279 bonum&
834 3252 995 3287 verum,
1026 3252 1078 3280 n:
1101 3252 1227 3294 2451·
1245 3235 1522 3296 316614390·
1538 3251 1669 3295 4409.
1689 3249 1819 3295 5232.
1842 3236 1969 3293 7256.
1993 3248 2163 3282 1012201
2203 3234 2263 3278 Et

1203 3288 1210 3297 ι

273 3295 320 3334 ad
340 3292 672 3349 conjunssionem
692 3295 909 3349 utriusque,
943 3306 989 3338 ut
1009 3296 1085 3340 sint
1104 3297 1269 3352 aliquid,
1300 3311 1350 3339 n:
1381 3309 1433 3340 10
1437 3310 1461 3352 5
1466 3308 1490 3352 5
1496 3308 1535 3351 5·
