2546 3786
595 240 717 304 Da
776 236 1137 303 COELO
1193 255 1299 299 aa*
1349 236 1951 303 INFERNQ
2160 238 2246 320 89

250 365 427 432 ¹angelis
449 366 513 415 est
535 381 616 431 per
636 381 746 415 vera
765 381 822 415 ex
843 364 983 420 herio,
1023 362 1170 426 patuit
1191 363 1330 411 etiam
1362 379 1420 413 ex
1453 380 1527 423 e0,
1559 366 1686 430 quod
1722 364 1865 414 malus
1889 361 2066 429 spiritus
2096 362 2242 412 solum

254 435 479 498 inspettus
509 434 565 481 ab
583 433 777 497 Angelis
804 429 936 478 eadat
966 430 1014 478 in
1035 429 1309 493 deliquium,
1347 430 1396 478 &
1430 447 1522 479 non
1557 444 1767 496 appareat
1800 443 1854 478 ut
1876 431 2034 490 horno,
2080 431 2129 478 &
2155 430 2240 478 boc

255 500 395 564 usque
433 500 548 548 dum
565 499 777 562 Angelus
802 496 972 542 -avertit
991 495 1176 544 oculos:
1218 497 1343 543 causa
1365 498 1492 559 quod
1515 498 1600 545 tale
1625 513 1704 562 per
1736 495 1963 560 aspeitum
1999 496 2239 544 oculorum

255 566 542 629 Angelorum
563 563 738 618 existat,
771 560 834 608 est
856 563 962 624 quia
987 560 1106 610 visus
1125 562 1416 626 Angelorum
1440 563 1503 611 est
1525 579 1581 611 ex
1603 564 1703 612 luce
1723 563 1847 619 coeli,
1873 564 1920 611 ὅτ
1944 562 2024 610 lux
2046 562 2156 610 coeli
2177 560 2242 608 est

255 633 484 680 Divinum
498 630 700 683 Vnum,
732 626 940 675 videatur
960 626 1090 692 supra
1123 644 1185 678 n:
1210 629 1299 678 126
1333 628 1391 677 ad
1420 645 1542 693 132:
1589 630 1712 679 oculi
1734 630 1869 678 etiam
1894 628 2241 693 correspondent

257 698 375 760 veris
407 712 464 745 ex
484 696 605 744 bono
623 694 724 753 (ii).

327 779 435 827 233.
460 760 704 818 -Quoniam
727 758 877 807 omnis
898 761 1099 823 potentia
1133 759 1199 808 est
1219 760 1336 809 veris
1367 776 1427 808 ex
1459 761 1597 818 bono,
1643 761 1748 810 inde
1780 760 1904 809 nulla
1938 760 2117 825 prorsus
2152 775 2237 823 po-

254 830 392 877 tentia
410 824 473 873 est
495 823 611 873 falsas
634 841 690 873 ex
712 825 835 873 malo
851 826 973 888 (kk).
1041 828 1218 874 Omnes
1239 829 1289 873 in
1308 825 1493 874 Inferno
1514 826 1616 873 sunt
1637 827 1684 873 in
1706 825 1825 874 fallis
1844 843 1900 874 ex
1924 827 2062 884 malo,
2101 841 2239 890 quare

253 893 342 942 iuis
362 890 485 939 nulla
507 892 707 954 potentia
728 890 793 939 est
826 903 981 939 contra
1000 907 1164 939 verum
1203 891 1253 940 ὅτ
1276 890 1485 939 bonurn:
1531 891 1606 938 scd
1643 892 1789 954 qualis
1823 891 2006 939 illorum
2039 893 2242 955 potentia

252 957 316 1006 est
352 957 469 1005 inter
508 957 569 1015 se,
615 958 666 1006 δε
700 957 844 1022 qualis
882 958 1083 1020 potentia
1125 956 1352 1005 malorum
1389 956 1630 1021 spirituum
1669 956 1734 1005 est
1772 967 2012 1020 antequam
2051 956 2242 1022 conjecti

252 1021 354 1071 funt
385 1024 431 1071 in
455 1022 708 1083 infernum,·
739 1025 787 1072 in
819 1023 1106 1086 sequentibus
1134 1022 1325 1072 dicetur.
1555 1049 1564 1056 ·

724 1214 848 1291 De
907 1174 1244 1320 Loquela
1267 1184 1770 1321 Angelorum.

256 1434 367 1482 234.
519 1414 663 1479 Ngeli
700 1414 815 1462 inter
847 1413 889 1463 se
913 1413 1162 1477 loquuntur
1183 1413 1360 1479 prorsus
1383 1416 1497 1464 ficut
1519 1415 1800 1464 homines-in
1823 1416 2017 1473 mundo,
2053 1398 2252 1479 siquo-

555 1479 725 1546 que'de
747 1480 879 1528 rebus
896 1482 1045 1538 variis,
1079 1494 1132 1529 ut
1149 1482 1208 1528 de
1226 1481 1367 1529 rebus
1391 1482 1665 1538 domesticis,
1683 1482 1742 1529 de
1765 1482 1897 1530 rebus
1920 1482 2054 1531 status
2077 1482 2243 1538 civilis,

254 1549 316 1597 de
335 1551 470 1597 rebus
494 1549 604 1596 vitae
643 1546 841 1603 moralis»,
876 1547 929 1594 &
949 1546 1008 1593 de
1031 1546 1165 1594 rebus
1187 1548 1298 1594 vitae
1319 1546 1586 1610 spiritualim
1632 1562 1717 1593 nec
1739 1547 1973 1595 intercedit
2007 1544 2089 1595 alia
2111 1547 2244 1596 diffe-

257 1616 413 1671 rentia,
445 1629 585 1677 quam
605 1612 733 1676 quod
761 1612 1105 1674 intelligentiuS,
1136 1613 1244 1675 quia
1266 1614 1451 1660 interius
1479 1628 1505 1658 a
1525 1612 1817 1675 cogitatione,
1857 1613 1974 1662 inter
1993 1612 2034 1661 se
2057 1614 2246 1676 loquan-

257 1694 333 1728 tur
354 1695 492 1743 quam
518 1679 736 1726 homines
804 1678 980 1725 Datum
1003 1676 1065 1724 cst
1091 1678 1203 1725 mihi
1227 1677 1342 1741 saepe
1365 1693 1474 1726 cum
1497 1678 1584 1725 illis
1606 1679 1652 1724 in
1675 1677 1900 1726 consortio
1921 1679 2022 1736 effe,
2045 1680 2095 1727 &
2119 1679 2249 1742 loqui

254 1762 365 1794 cum
390 1745 474 1795 illis
497 1745 611 1792 ficut
630 1744 804 1792 amicus
837 1759 946 1791 cum
969 1744 1135 1799 amico,
1171 1744 1518 1807 &quandoque
1555 1743 1669 1791 ficut
1707 1744 1892 1807 ignotus
1926 1760 2034 1793 cum
2067 1746 2246 1809 ignoto,

255 1813 307 1860 &
331 1824 441 1859 tunc
463 1812 570 1874 quia
591 1812 639 1858 in
661 1809 775 1858 statu
798 1809 933 1858 fimili
957 1825 1075 1866 ,cum
1106 1809 1196 1858 illis
1237 1808 1323 1868 fui,
1363 1826 1455 1858 non
1494 1809 1603 1859 scivi
1637 1809 1762 1858 aliter
1801 1826 1941 1875 quam
1978 1813 2104 1875 quod
2138 1826 2246 1858 cum

252 1877 520 1927 hominibus
543 1877 590 1923 in
612 1875 770 1938 tellure
792 1875 1014 1938 loquerer.
1109 1897 1118 1905 ,

250 1988 254 1999 ,f
326 1959 437 2007 235.
472 1941 680 2005 Loquela
702 1940 925 2003 Angelica
949 1956 1081 2004 aeque
1103 1939 1307 1988 distinata
1326 1939 1391 1989 est
1412 1941 1460 1988 in
1481 1956 1634 1996 voces,
1667 1940 1782 1989 ficut
1813 1941 1992 2005 loquela
2013 1941 2210 1990 humana
2232 1963 2248 1998 3

250 2009 395 2057 ‘etiarn
420 2024 550 2070 aeque
573 2007 728 2054 sonore
764 2007 1022 2054 enuntiatur
1059 2007 1109 2053 &
1137 2006 1296 2054 sonore
1335 2007 1546 2063 auditur;
1592 2007 1695 2054 sunt
1734 2008 1854 2054 enim
1889 2008 1975 2055 illis
2008 2023 2139 2072 aeque
2177 2024 2246 2064 os,

259 2075 434 2138 lingua,
468 2075 517 2120 &
542 2087 695 2127 aures3
736 2072 786 2119 &
810 2087 996 2133 quoque
1035 2071 1120 2118 illis
1156 2070 1221 2118 est
1253 2071 1596 2134 athmosphaera‚
1635 2073 1681 2118 in
1704 2088 1794 2135 qua
1826 2073 2084 2120 articulatur
2115 2073 2247 2122 sonus

252 2140 455 2203 >loquelae
471 2138 673 2194 illorum,
698 2137 772 2185 sed
788 2136 852 2184 est
873 2136 1198 2200 athmosphaera
1219 2134 1471 2200 spiritualis,
1496 2153 1602 2201 quae
1617 2138 1963 2186 accommodata
1978 2138 2042 2185 est
2055 2140 2268 2203 Angelis·

255 2209 344 2269 qui
376 2204 618 2269 spirituales
636 2225 653 2259 ς
697 2202 910 2267 respirant
930 2203 1082 2252 ,etiam
1117 2202 1289 2265 Angeli
1327 2204 1376 2251 in
1408 2202 1483 2250 sua
1519 2202 1864 2268 athmosphaera‚
1909 2206 1959 2253 ὅτ
1995 2205 2146 2253 media
2180 2221 2249 2255 re-

251 2271 502 2336 spiratione
524 2270 666 2318 edunt
687 2285 841 2326 vocer»,
874 2269 987 2317 ficut
1010 2268 1214 2316 homines
1243 2270 1293 2316 in
1318 2269 1393 2317 sua
1409 2269 1501 2329 (ll).
1558 2276 1569 2289 ·'

333 2338 445 2401 236.
483 2335 566 2385 Est
603 2335 821 2383 omnibus
853 2351 943 2382 una
964 2335 1151 2399 Lingua
1187 2335 1234 2382 in
1258 2335 1464 2383 universo
1485 2333 1641 2391 Coelo,
1682 2333 1725 2381 se
1747 2349 1905 2382 omnes
1930 2336 2190 2400 intelligunt
2221 2355 2248 2387 e

265 2406 537 2467 quacunque
557 2400 764 2448 societate
791 2400 910 2459 sunt,
950 2401 1040 2448 five
1062 2417 1087 2448 e
1111 2401 1259 2448 vicina
1280 2401 1369 2448 five
1403 2417 1428 2447 e
1451 2401 1621 2448 diffita:
1667 2401 1853 2463 Lingua
1886 2402 1947 2448 ibi
1987 2419 2077 2449 non
2114 2405 2244 2451 disci-

256 2482 356 2526 -tur,
391 2468 464 2516 sed
487 2466 550 2516 est
572 2467 716 2515 cuivis
753 2466 880 2515 insita
904 2489 919 2523 3
959 2467 1060 2514 fluit
1079 2467 1201 2515 enim
1233 2482 1290 2514 ex
1313 2465 1403 2530 ipsa
1424 2482 1582 2519 eorum
1615 2466 1845 2515 affeetione
1869 2469 1918 2516 δε
1939 2470 2211 2531 cogitatione
2231 2495 2247 2528 ;

2118 2536 2249 2586 sonus

265 2661 501 2719 intelligitur
535 2677 602 2715 per
635 2663 766 2705 sedere
800 2663 849 2704 ad
879 2663 1062 2705 dextram
1079 2661 1264 2716 jehovae,
1296 2665 1492 2721 n23387.
1513 2677 1643 2720 4592.
1665 2679 1795 2725 4933.
1819 2668 1946 2725 7518.
1972 2668 2097 2724 7673.
2119 2669 2246 2712 8281.

267 2733 318 2775 9¹
327 2733 397 2776 33.
457 2718 582 2773 Qod
601 2720 741 2761 dextra
765 2719 812 2762 fit
832 2721 1029 2774 potentia,
1061 2734 1114 2762 n:
1135 2733 1288 2776 10019.

326 2777 406 2833 (ii)
437 2775 564 2833 Qod
592 2777 700 2820 oculi
729 2777 1060 2832 correspondeat
1079 2778 1182 2818 veris
1211 2791 1264 2819 ex
1293 2777 1418 2828 bono,
1447 2791 1474 2819 n
1491 2791 1502 2818 t
1522 2791 1637 2835 4403
1668 2780 1715 2821 ad
1736 2792 1867 2834 4421.
1900 2793 2016 2838 4523
2046 2782 2092 2823 ad
2114 2795 2244 2841 4534.

268 2832 426 2988 2952&
455 2890 580 2941 Quod
609 2889 705 2933 falso
734 2903 786 2932 ex
817 2889 924 2932 malo
956 2888 1002 2931 fit
1036 2890 1148 2933 nulla
1180 2890 1376 2946 potentia,
1416 2892 1507 2947 quia
1539 2907 1637 2935 vero
1673 2907 1725 2936 ex
1761 2894 1869 2936 bono
1903 2894 1959 2936 est
1993 2896 2141 2949 omnis,
2187 2912 2243 2939 n:

303 2947 623 3060 &bosegia-in
647 3005 759 3048 coelis
789 3004 836 3046 fit
868 3005 1069 3058 respiratio
1103 3006 1166 3048 sed
1201 3006 1381 3058 interior,
1417 3021 1442 3049 n
1461 3021 1471 3047 t
1491 3006 1617 3063 3884.
1638 3007 1773 3064 3885:
1810 3008 1858 3050 ab
1885 3011 2144 3062 experientia,
2187 3026 2247 3053 n:

274 3061 402 3116 3884.
427 3062 551 3116 3885.
574 3063 700 3119 3891.
725 3063 853 3119 3893.
911 3061 1037 3113 Quod
1069 3064 1342 3119 respirationes
1378 3065 1431 3107 ibi
1465 3063 1540 3106 sint
1581 3066 1777 3107 diffimiles
1809 3066 1849 3108 &
1879 3069 1998 3108 variae
2029 3070 2244 3110 secundum

271 3119 393 3159 status
414 3132 573 3168 eorum,
605 3133 802 3177 n21119·
825 3119 952 3177 3886.
976 3120 1102 3177 3887..
1125 3121 1252 3177 3889.
1278 3122 1405 3177 3892.
1425 3122 1552 3178 3893.
1611 3122 1734 3177 Qod
1768 3123 1863 3166 mali
1887 3126 2043 3180 prorsus
2071 3141 2156 3170 non
2183 3140 2248 3168 re-

277 3175 422 3230 spirare
440 3176 593 3231 ,poffint
610 3176 654 3219 in
671 3177 796 3238 eoelo,
831 3179 870 3222 &
892 3177 999 3235 quod
1019 3176 1049 3221 fi
1070 3178 1376 3250 illucve-:munz
1405 3178 1670 3235 suffocentur,
1699 3195 1726 3224 n
1746 3195 1756 3223 ε
1774 3181 1904 3240 3893.

1255 3251 1329 3314 ,Μ
