2546 3786
575 225 1289 334 necantque-1·
1343 264 1949 336 INFERNo.
2128 294 2260 360 237

274 399 474 448 influxus
496 399 628 448 datur
649 414 675 448 e
697 399 821 448 coelo
846 399 882 411 ·’
921 398 932 407 ”
970 396 986 406 “
1007 406 1102 442 ntes
1133 410 1312 454 eorum,
1346 395 1563 460 quoniam
1599 396 1700 445 haec
1735 399 1932 463 superius
1966 398 2068 449 sunt
2103 401 2263 462 clausa,

275 478 328 514 ut
367 465 543 515 dietum
581 465 658 514 est
727 467 749 516 1
875 458 921 508 io
959 460 1174 518 hominis
1209 477 1268 510 ex
1308 477 1426 526 qua
1423 463 1757 511 determinatur
1790 465 1910 514 visus
1949 467 2175 516 internus
2188 468 2263 518 seu

272 532 490 595 cogitatio
534 530 645 596 ejus,
756 522 879 586 ‚eius
918 526 1143 584 voluntas,
1187 544 1315 576 nam
1324 528 1453 592 quod
1478 527 1634 577 homo
1670 529 1814 587 vult,
1833 529 1920 578 hoc
1959 533 2167 591 intendit,
2210 537 2262 584 &

691 608 746 640 oc
785 593 990 655 cogitat3
1038 605 1318 659 quapropter
1357 594 1406 642 fi
1429 594 1623 644 intendit-
1660 596 1852 672 coelum,
1898 595 2006 645 illuc
2046 599 2258 649 determi-

646 654 769 721 ejuS,
805 660 855 707 &
887 675 995 707 cum
1025 659 1100 707 illa
1131 671 1225 708 tota
1256 675 1385 708 mens
1413 657 1526 723 ejus,
1559 665 1665 725 quae
1699 661 1759 710 fic
1794 662 1843 709 in
1881 662 2006 710 coelo
2039 663 2120 722 est,
2154 666 2261 713 inde

267 729 374 777 dein
398 729 470 794 spe
579 724 669 782 illa,
704 741 809 789 quae
844 725 1006 773 mundi
1042 724 1162 782 sunt,
1197 724 1312 775 infra
1342 725 1400 783 se,
1436 726 1549 775 ficut
1584 728 1664 791 qui
1697 743 1722 775 e
1762 728 1882 801 tedto
1917 729 2118 787 domus3
2130 730 2259 779 inde

265 795 347 853 est,
393 792 516 859 qued
564 792 721 848 h0m0,
770 791 846 839 cui
889 803 1039 855 aperta
1076 790 1178 842 sunt
1218 792 1428 841 interiora
1463 808 1571 856 quae
1610 794 1774 841 mentis
1818 792 1914 858 ejus
1957 794 2076 852 sunt,
2123 798 2258 859 poffit

263 831 417 911 viciare
455 858 572 905 mala
605 859 654 906 &
688 856 790 906 falsa
828 873 934 921 quae
973 856 1103 920 apud
1132 856 1285 915 illum,
1317 874 1424 907 nam
1462 858 1559 910 haec
1593 857 1706 908 infra
1747 858 1946 908 mentem
1982 860 2256 924 spiritualem

261 927 396 980 sunt3
444 925 491 971 &
516 924 722 979 vieiffim,
757 924 886 987 quod
924 923 1082 978 homo,
1128 923 1204 971 cui
1242 938 1334 973 non
1360 923 1583 971 interiora
1619 937 1767 988 aperta
1802 925 1918 982 sunt,
1966 943 2057 975 non
2096 929 2254 977 v1dere

257 989 331 1042 sua
371 991 490 1037 mala
525 992 599 1038 ὃ(
615 988 717 1037 falsa
756 991 904 1053 ponit,
939 989 1045 1052 quia
1079 990 1126 1036 in
1161 988 1248 1037 illis
1286 987 1366 1045 est,
1396 988 1456 1037 &
1497 1003 1588 1035 non
1628 988 1710 1051 sup
1714 1006 1758 1036 ra
1793 991 1894 1040 1113;
1920 1007 1996 1040 ex
2035 992 2103 1040 his
2142 1010 2268 1050 cons

256 1056 379 1104 cludi
425 1055 588 1120 potest,
637 1045 784 1104 unde
796 1054 860 1102 est
898 1054 1106 1118 sapientia
1142 1055 1336 1111 homini,
1369 1054 1435 1101 δε
1477 1053 1600 1101 unde
1642 1055 1684 1102 ei
1730 1053 1907 1113 insania,
1958 1069 2059 1105 tum
2104 1060 2250 1122 qualis

254 1122 397 1170 homo
437 1123 616 1170 futurus
652 1121 753 1186 post
790 1133 1004 1178 mortem,
1055 1121 1135 1169 ubi
1171 1119 1446 1185 relinquitur
1475 1119 1591 1168 velle
1628 1120 1680 1168 ὅτ
1719 1121 1933 1184 cogitare,
1980 1136 2081 1171 tum
2120 1141 2250 1188 agere

253 1188 302 1236 &
338 1189 463 1253 loqui
502 1188 748 1237 secundum
789 1188 997 1238 interiora
1023 1186 1130 1238 sua.
1165 1190 1319 1237 Haec
1351 1200 1548 1249 quoque
1558 1186 1678 1234 (1ὶᾶ3
1699 1186 1817 1245 sunt,
1852 1199 1905 1236 ut
1925 1186 2086 1237 sciatur
2108 1191 2251 1253 qualis

252 1253 395 1302 homo
427 1255 609 1303 interius
639 1253 724 1312 est,
760 1265 991 1317 utcunque
1012 1265 1194 1318 apparet
1213 1253 1336 1301 alteri
1359 1252 1514 1301 fimilis
1536 1253 1746 1316 exterius.
1896 1279 1901 1287 ·=

321 1337 432 1384 533.
469 1320 615 1384 Qod
655 1336 746 1369 non
786 1333 880 1371 tam
919 1320 1103 1368 difficile
1141 1320 1213 1368 s1't
1224 1335 1359 1387 agere
1395 1321 1539 1368 vitam
1575 1319 1684 1367 coeli
1723 1319 1836 1372 ficut
1874 1283 2099 1379 creditur,
2125 1334 2250 1386 patet

252 1402 371 1434 nunc
407 1403 464 1435 ex
497 1403 568 1443 eo,
604 1387 749 1460 quod
772 1385 918 1436 solum
958 1402 1074 1450 opus
1113 1384 1286 1444 habeat,
1321 1401 1430 1434 cum
1466 1385 1636 1457 aliquid
1672 1385 1861 1434 obvenit
1897 1388 2025 1464 quod
2059 1387 2139 1436 scit
2177 1390 2248 1438 in-

252 1453 472 1501 fincerum
510 1453 560 1501 &
596 1451 812 1516 injustum
835 1453 946 1529 effe,
992 1453 1047 1499 ad
1088 1453 1214 1517 quod
1253 1455 1430 1500 animus
1468 1467 1565 1514 eJus
1604 1449 1761 1509 fertur,
1810 1463 1862 1500 ut
1903 1455 2074 1517 cogitet
2119 1456 2248 1531 quod

252 1535 343 1566 non
381 1518 637 1568 faciendum
677 1520 730 1567 fit
769 1519 874 1583 quia
912 1518 976 1566 est
1011 1532 1167 1568 contra
1207 1531 1434 1582 praecepta
1465 1518 1738 1574 Divina3s1
1774 1518 1915 1566 homo
1952 1518 2147 1568 assuescit
2186 1523 2247 1572 ita

252 1587 467 1661 cogitare,
503 1587 552 1633 δε
577 1601 633 1633 ex
663 1586 936 1635 afl'uetudine
973 1585 1122 1635 trahit
1144 1586 1340 1648 aliquem
1371 1583 1594 1641 habitum,
1629 1595 1739 1632 tunc
1769 1585 2019 1648 paullatim,
2055 1585 2247 1650 conjun-

250 1653 375 1713 gitur
413 1652 568 1707 coelo3
615 1652 666 1698 8(
701 1663 925 1714 quantum
968 1649 1266 1714 conjungitur
1304 1650 1444 1705 coelo,
1496 1662 1675 1697 tantum
1722 1651 1981 1712 aperiuntur
2024 1651 2248 1715 superiora

249 1733 367 1779 quae
396 1719 557 1769 mentiS
593 1714 691 1780 ejus
728 1716 848 1773 sunt,
880 1716 931 1769 ,δι
963 1729 1186 1779 quantum
1228 1715 1301 1764 illa
1339 1715 1615 1779 aperiuntur,
1650 1726 1828 1763 tantum
1861 1717 2009 1764 videt
2022 1717 2136 1780 quid
2175 1720 2247 1766 in-

249 1783 468 1830 fincerurn
499 1784 548 1830 ὅτ
582 1781 817 1841 iniu‘lum,
854 1783 904 1830 ὃ(
935 1794 1158 1845 quantum
1195 1783 1296 1830 haec
1327 1781 1454 1828 videt
1489 1792 1667 1830 tantum
1707 1780 1868 1830 discuti
1905 1783 2102 1846 poffunt,
2139 1800 2247 1834 nam

248 1849 423 1896 malum
458 1848 654 1912 aliquod
684 1864 777 1896 non
819 1846 964 1911 potest
997 1847 1158 1908 discuti
1193 1863 1332 1911 quam
1372 1845 1614 1910 postquam
1648 1846 1857 1895 videtur.
1892 1848 1967 1895 hic
1990 1848 2132 1902 status
2163 1851 2243 1910 est,

248 1915 296 1960 in
331 1931 466 1978 quem
504 1915 646 1962 homo
683 1930 740 1961 ex
773 1914 914 1962 libero
953 1915 1114 1963 intrare
1151 1913 1313 1978 potest,
1349 1927 1454 1960 nam
1490 1913 1593 1976 quis
1627 1929 1721 1961 non
1759 1929 1816 1961 ex
1848 1912 1989 1963 libero
2023 1915 2086 1962 ita
2116 1919 2246 1980 cogi·

247 1992 340 2032 tare
363 1980 539 2045 potest:
576 1992 622 2029 at
650 1997 759 2029 cum
794 1980 991 2028 initiatus
1024 1982 1103 2038 est,
1139 1993 1249 2029 tunc
1271 1981 1502 2028 Dominus
1537 1992 1747 2044 operatur
1781 1981 1936 2029 omnia
1969 1980 2086 2029 bona
2121 1983 2245 2046 apud

248 2047 397 2104 illum,
434 2050 483 2095 δε
508 2046 627 2094 facit
639 2060 703 2095 ut
715 2062 806 2094 non
831 2047 972 2095 modo
995 2047 1146 2095 videat
1169 2047 1301 2103 mala,
1336 2045 1410 2092 sed
1445 2047 1580 2093 etiam
1616 2059 1667 2094 ut
1701 2045 1815 2093 nolit
1848 2046 1937 2104 illa,
1973 2046 2023 2094 &
2047 2047 2244 2112 denique

243 2125 299 2160 ut
334 2113 563 2161 aversetur
594 2113 698 2160 illa:
735 2113 822 2160 hoc
862 2112 1130 2176 intelligitur
1148 2130 1243 2227 pler
1266 2111 1458 2197 Domini
1500 2112 1656 2168 verba,
1693 2117 1728 2139 ‘⁶
1752 2115 1918 2175 Jugum
1950 2129 2082 2161 meum
2105 2116 2245 2178 facile

246 2179 334 2238 est,
364 2178 443 2234 ξῦῖ
458 2196 571 2235 onus
597 2195 728 2227 meum
762 2179 902 2235 leve,”
938 2180 1119 2227 Matth:
1221 2196 1340 2243 :03
1370 2177 1500 2226 -Sed
1546 2178 1776 2227 sciendum
1821 2178 1918 2236 est,
1951 2180 2078 2242 quod
2124 2180 2242 2228 diffi-

246 2244 393 2294 cultas·
426 2245 774 2308 ita-cogitandi,
809 2246 858 2293 ὃ(
891 2261 1076 2309 quoque
1114 2195 1336 2295 resistendi
1379 2245 1506 2298 malis
1544 2245 1724 2301 crescat,
1759 2257 1982 2308 quantum
2018 2246 2160 2294 homo
2183 2262 2240 2295 ex

247 2311 479 2366 voluntate
514 2310 620 2359 facit
655 2311 806 2366 mala3
842 2323 1019 2359 tantum
1058 2313 1256 2361 enim-is
1294 2309 1490 2358 assuescit
1523 2310 1625 2381 illis,
1660 2311 1800 2375 usque
1835 2323 1887 2359 ut
1926 2312 2108 2360 tandem
2149 2329 2242 2360 non

246 2378 401 2425 videat
441 2378 531 2435 illa,
567 2378 616 2425 &c
651 2378 755 2424 dein
790 2389 843 2424 ut
880 2391 1001 2425 amet
1038 2379 1128 2435 illa,
1163 2380 1206 2426 δι
1236 2395 1294 2426 ex
1308 2377 1520 2442 jucundo
1556 2378 1719 2426 amoris
1753 2377 1930 2425 excuset
1965 2378 2052 2434 illa,
2087 2379 2137 2425 &
2161 2395 2242 2443 per

247 2448 396 2492 omnis
435 2444 608 2507 generis
649 2442 838 2491 fallacias
879 2444 1136 2501 confirmet,
1172 2447 1223 2493 ὅ(
1246 2445 1366 2491 dicat
1393 2442 1523 2491 licita
1555 2445 1604 2492 ὅτ.
1646 2445 1796 2491 bona:
1835 2443 1907 2490 sed
1931 2445 2017 2491 hoc
2032 2444 2095 2491 fit
2117 2444 2241 2508 apud

246 2510 363 2566 illos,
399 2511 478 2573 qui
503 2512 548 2557 in
570 2509 843 2564 adolescente
866 2522 995 2558 aetate
1017 2523 1157 2558 ruunt
1179 2513 1226 2558 in
1251 2511 1368 2558 mala
1389 2508 1500 2558 ficut
1523 2509 1685 2574 absque
1707 2509 1867 2567 fraeno,
1904 2511 1952 2559 ὅ(
1977 2510 2107 2558 simul
2131 2523 2240 2559 tunc

246 2591 303 2622 ex
326 2578 460 2624 corde
484 2577 653 2624 Divina
675 2575 895 2639 rejiciunt.

314 2660 424 2706 534.
463 2638 792 2705 Repraesentata
828 2642 939 2689 mihi
973 2643 1206 2707 quondam
1245 2642 1307 2690 est
1330 2645 1402 2692 via
1434 2659 1540 2708 quae
1575 2643 1703 2690 ducit
1734 2643 1788 2691 ad
1824 2643 2016 2699 coelum,
2060 2642 2109 2690 &
2133 2659 2240 2703 quae

241 2707 370 2764 ducit
393 2710 445 2756 ad
471 2709 728 2766 internum3
777 2720 869 2756 erat
889 2710 961 2756 via
999 2709 1086 2756 lata
1126 2709 1314 2757 tendens
1346 2709 1638 2758 finistrorsum
1679 2709 1751 2756 seu
1788 2708 1940 2756 versus
1975 2708 2239 2772 septentrio-

240 2790 381 2835 nem3
421 2762 690 2838 apparebant
722 2774 855 2822 multi
880 2775 1071 2849 Spiritus
1105 2778 1185 2838 qui
1210 2775 1334 2823 illam
1369 2766 1526 2831 ibant,
1567 2775 1641 2821 sed
1674 2775 1741 2822 ad
1752 2774 2003 2823 distantiam
2030 2774 2147 2821 visus
2171 2775 2235 2823 est

248 2840 411 2901 Lapis
413 2842 518 2898 ,satis
545 2856 773 2903 magnUS,
787 2841 865 2886 ubi
889 2843 963 2886 via
985 2841 1072 2888 lata
1093 2842 1443 2898 terminabatur3
1485 2857 1541 2888 ex
1563 2842 1641 2888 illo
1665 2841 1842 2904 Lapide
1865 2841 1969 2888 dein
2005 2841 2122 2887 binae
2146 2843 2236 2889 viae

246 2905 314 2951 abi
323 2906 465 2960 bant,-
454 2924 563 2971 agana
602 2909 655 2953 ad
697 2902 936 2961 finistrum,
972 2907 1020 2953 ὃ(
1046 2923 1132 2954 una
1164 2923 1223 2955 ex
1264 2909 1473 2972 oppofito
1506 2908 1563 2954 ad
1599 2907 1847 2963 dextrum3
1889 2908 1961 2953 via
1990 2923 2096 2970 quae
2135 2920 2234 2961 ten-

247 2971 378 3017 debat
402 2970 456 3025 3(1
481 2971 698 3045 sinistrum
733 2986 826 3020 erat
865 2973 1049 3048 angusta
1074 2974 1147 3029 seu
1177 2973 1344 3031 stricta,
1381 2975 1550 3022 ducens
1585 2990 1663 3037 per
1698 2974 1983 3020 occidentem
2019 2973 2074 3020 ad
2101 2975 2232 3028 meri-

245 3037 386 3094 diem,
425 3039 470 3083 83
495 3023 620 3084 sicin
644 3039 788 3085 lucem
817 3038 962 3092 coeli3
1001 3040 1073 3085 via
1111 3056 1216 3102 quae
1241 3041 1448 3088 tendebat
1483 3040 1538 3087 ad
1564 3039 1773 3086 dextrum
1813 3051 1903 3087 erat
1943 3039 2026 3086 lata
2065 3039 2114 3085 ὅτ
2138 3039 2233 3102 spa-

244 3104 368 3158 tiosa,
404 3102 569 3148 ducens
603 3103 786 3177 oblique
821 3101 1027 3151 deorsum
1053 3105 1202 3152 versus
1242 3106 1482 3153 infernum.
1553 3107 1729 3153 Omnes
1770 3106 1971 3169 primum
2013 3104 2095 3150 visi
2132 3106 2231 3152 sunt

245 3169 446 3215 eandem
455 3170 575 3214 viam
602 3168 680 3223 ire,
722 3171 856 3234 usque
881 3171 952 3216 ad
959 3171 1182 3233 Lapidem
1207 3186 1429 3233 magnum
1450 3173 1496 3217 in
1521 3171 1662 3227 bivio,
1699 3171 1771 3218 sed
1808 3187 1916 3218 cum
1953 3170 2058 3218 illuc
2099 3185 2227 3216 vene·
2240 3220 2244 3230 ¹

248 3247 367 3291 ium,
405 3233 583 3299 separati
609 3233 725 3290 sunt,
760 3236 865 3294 boni
903 3237 1191 3286 deflectebant
1213 3237 1267 3284 ad
1292 3236 1532 3295 sinistrum,
1571 3238 1619 3284 ὅ(
1643 3237 1863 3286 intrabant
1885 3237 2006 3288 viam
2033 3236 2226 3283 strictam

644 3318 670 3364 3
2125 3316 2228 3362 quae
2299 3339 2302 3342 .
