<?xml version="1.0" encoding="UTF-8"?>
<!DOCTYPE html PUBLIC "-//W3C//DTD XHTML 1.0 Transitional//EN"
    "http://www.w3.org/TR/xhtml1/DTD/xhtml1-transitional.dtd">
<html xmlns="http://www.w3.org/1999/xhtml" xml:lang="en" lang="en">
 <head>
  <title>
</title>
<meta http-equiv="Content-Type" content="text/html;charset=utf-8" />
  <meta name='ocr-system' content='tesseract 3.04.00' />
  <meta name='ocr-capabilities' content='ocr_page ocr_carea ocr_par ocr_line ocrx_word'/>
</head>
<body>
  <div class='ocr_page' id='page_1' title='image "./decoeloetejusmir00swed_0224.png"; bbox 0 0 2546 3786; ppageno 0'>
   <div class='ocr_carea' id='block_1_1' title="bbox 278 256 1917 369">
    <p class='ocr_par' dir='ltr' id='par_1_1' title="bbox 278 256 1917 369">
     <span class='ocr_line' id='line_1_1' title="bbox 278 256 1917 369; baseline -0.002 -30"><span class='ocrx_word' id='word_1_1' title='bbox 278 293 409 343; x_wconf 79' lang='lat'>220</span> <span class='ocrx_word' id='word_1_2' title='bbox 585 256 1917 369; x_wconf 14' lang='lat' dir='ltr'>D.1·:·÷‡C.OEL02·1-XINFERN0.·</span> 
     </span>
    </p>
   </div>
   <div class='ocr_carea' id='block_1_2' title="bbox 199 393 2262 3342">
    <p class='ocr_par' dir='ltr' id='par_1_2' title="bbox 268 393 2250 923">
     <span class='ocr_line' id='line_1_2' title="bbox 270 393 2244 462; baseline -0.001 -12"><span class='ocrx_word' id='word_1_3' title='bbox 270 401 513 451; x_wconf 71' lang='lat' dir='ltr'>affefflonis</span> <span class='ocrx_word' id='word_1_4' title='bbox 536 401 586 449; x_wconf 89' lang='lat'>&amp;</span> <span class='ocrx_word' id='word_1_5' title='bbox 609 400 791 457; x_wconf 84' lang='lat' dir='ltr'>amoris,</span> <span class='ocrx_word' id='word_1_6' title='bbox 824 399 928 462; x_wconf 90' lang='lat' dir='ltr'>quia</span> <span class='ocrx_word' id='word_1_7' title='bbox 969 398 1067 446; x_wconf 87' lang='lat' dir='ltr'>haec</span> <span class='ocrx_word' id='word_1_8' title='bbox 1101 396 1142 444; x_wconf 93' lang='lat' dir='ltr'>se</span> <span class='ocrx_word' id='word_1_9' title='bbox 1180 393 1378 446; x_wconf 83' lang='lat' dir='ltr'>referunt</span> <span class='ocrx_word' id='word_1_10' title='bbox 1407 399 1464 446; x_wconf 90' lang='lat' dir='ltr'>ad</span> <span class='ocrx_word' id='word_1_11' title='bbox 1490 398 1772 447; x_wconf 86' lang='lat' dir='ltr'>voluntatem</span> <span class='ocrx_word' id='word_1_12' title='bbox 1807 409 1860 445; x_wconf 91' lang='lat' dir='ltr'>ut</span> <span class='ocrx_word' id='word_1_13' title='bbox 1891 395 1947 445; x_wconf 90' lang='lat' dir='ltr'>ad</span> <span class='ocrx_word' id='word_1_14' title='bbox 1981 394 2112 446; x_wconf 87' lang='lat' dir='ltr'>suum</span> <span class='ocrx_word' id='word_1_15' title='bbox 2143 398 2244 448; x_wconf 79' lang='lat' dir='ltr'>sub-</span> 
     </span>
     <span class='ocr_line' id='line_1_3' title="bbox 275 462 2247 529; baseline -0.001 -15"><span class='ocrx_word' id='word_1_16' title='bbox 275 465 461 526; x_wconf 64' lang='lat' dir='ltr'>iectum,</span> <span class='ocrx_word' id='word_1_17' title='bbox 499 482 601 514; x_wconf 87' lang='lat' dir='ltr'>nam</span> <span class='ocrx_word' id='word_1_18' title='bbox 638 466 766 529; x_wconf 92' lang='lat' dir='ltr'>quod</span> <span class='ocrx_word' id='word_1_19' title='bbox 801 465 941 512; x_wconf 92' lang='lat' dir='ltr'>homo</span> <span class='ocrx_word' id='word_1_20' title='bbox 973 464 1090 519; x_wconf 88' lang='lat' dir='ltr'>vult,</span> <span class='ocrx_word' id='word_1_21' title='bbox 1126 462 1211 509; x_wconf 93' lang='lat' dir='ltr'>hoc</span> <span class='ocrx_word' id='word_1_22' title='bbox 1240 474 1378 518; x_wconf 88' lang='lat' dir='ltr'>amat,</span> <span class='ocrx_word' id='word_1_23' title='bbox 1411 478 1461 510; x_wconf 89' lang='lat' dir='ltr'>ac</span> <span class='ocrx_word' id='word_1_24' title='bbox 1474 462 1734 527; x_wconf 90' lang='lat' dir='ltr'>jucundum</span> <span class='ocrx_word' id='word_1_25' title='bbox 1757 465 1806 512; x_wconf 78' lang='grc' dir='ltr'>δε</span> <span class='ocrx_word' id='word_1_26' title='bbox 1828 464 1996 527; x_wconf 90' lang='lat' dir='ltr'><strong>volupe</strong></span> <span class='ocrx_word' id='word_1_27' title='bbox 2018 462 2162 522; x_wconf 87' lang='lat' dir='ltr'>sentit,</span> <span class='ocrx_word' id='word_1_28' title='bbox 2196 468 2247 513; x_wconf 89' lang='lat'>&amp;</span> 
     </span>
     <span class='ocr_line' id='line_1_4' title="bbox 268 522 2247 595; baseline 0.002 -20"><span class='ocrx_word' id='word_1_29' title='bbox 268 522 478 588; x_wconf 51' lang='lat' dir='ltr'>biciffim,</span> <span class='ocrx_word' id='word_1_30' title='bbox 513 532 639 595; x_wconf 90' lang='lat' dir='ltr'>quod</span> <span class='ocrx_word' id='word_1_31' title='bbox 678 531 818 578; x_wconf 91' lang='lat' dir='ltr'>homo</span> <span class='ocrx_word' id='word_1_32' title='bbox 852 541 991 585; x_wconf 88' lang='lat' dir='ltr'>amat,</span> <span class='ocrx_word' id='word_1_33' title='bbox 1025 544 1074 576; x_wconf 89' lang='lat' dir='ltr'>ac</span> <span class='ocrx_word' id='word_1_34' title='bbox 1114 526 1366 588; x_wconf 75' lang='lat' dir='ltr'>jucundum</span> <span class='ocrx_word' id='word_1_35' title='bbox 1403 528 1454 575; x_wconf 77' lang='grc' dir='ltr'>δε</span> <span class='ocrx_word' id='word_1_36' title='bbox 1488 528 1655 592; x_wconf 84' lang='lat' dir='ltr'>volupe</span> <span class='ocrx_word' id='word_1_37' title='bbox 1693 529 1836 587; x_wconf 83' lang='lat' dir='ltr'>sentit,</span> <span class='ocrx_word' id='word_1_38' title='bbox 1871 530 1961 578; x_wconf 87' lang='lat' dir='ltr'>hoc</span> <span class='ocrx_word' id='word_1_39' title='bbox 1994 530 2121 578; x_wconf 86' lang='lat' dir='ltr'>vult:</span> <span class='ocrx_word' id='word_1_40' title='bbox 2167 548 2247 595; x_wconf 87' lang='lat' dir='ltr'>per</span> 
     </span>
     <span class='ocr_line' id='line_1_5' title="bbox 271 594 2250 660; baseline -0.001 -16"><span class='ocrx_word' id='word_1_41' title='bbox 271 598 609 660; x_wconf 82' lang='lat' dir='ltr'>Cogitationem</span> <span class='ocrx_word' id='word_1_42' title='bbox 650 608 798 643; x_wconf 87' lang='lat' dir='ltr'>autem</span> <span class='ocrx_word' id='word_1_43' title='bbox 844 602 952 642; x_wconf 90' lang='lat' dir='ltr'>tunc</span> <span class='ocrx_word' id='word_1_44' title='bbox 999 594 1264 656; x_wconf 82' lang='lat' dir='ltr'>intelligitur</span> <span class='ocrx_word' id='word_1_45' title='bbox 1301 595 1436 640; x_wconf 89' lang='lat' dir='ltr'>etiam</span> <span class='ocrx_word' id='word_1_46' title='bbox 1479 607 1616 645; x_wconf 88' lang='lat' dir='ltr'>omne</span> <span class='ocrx_word' id='word_1_47' title='bbox 1653 595 1701 641; x_wconf 88' lang='lat' dir='ltr'>id</span> <span class='ocrx_word' id='word_1_48' title='bbox 1737 610 1818 658; x_wconf 89' lang='lat' dir='ltr'>per</span> <span class='ocrx_word' id='word_1_49' title='bbox 1853 595 1978 658; x_wconf 91' lang='lat' dir='ltr'>quod</span> <span class='ocrx_word' id='word_1_50' title='bbox 2011 596 2250 645; x_wconf 90' lang='lat' dir='ltr'>confirmat</span> 
     </span>
     <span class='ocr_line' id='line_1_6' title="bbox 274 658 2250 723; baseline 0 -14"><span class='ocrx_word' id='word_1_51' title='bbox 274 664 554 712; x_wconf 61' lang='lat' dir='ltr'>affeflionem</span> <span class='ocrx_word' id='word_1_52' title='bbox 596 662 666 709; x_wconf 89' lang='lat' dir='ltr'>seu</span> <span class='ocrx_word' id='word_1_53' title='bbox 703 677 903 709; x_wconf 89' lang='lat' dir='ltr'>amorem</span> <span class='ocrx_word' id='word_1_54' title='bbox 943 660 1091 714; x_wconf 88' lang='lat' dir='ltr'>suum,</span> <span class='ocrx_word' id='word_1_55' title='bbox 1127 675 1232 706; x_wconf 88' lang='lat' dir='ltr'>nam</span> <span class='ocrx_word' id='word_1_56' title='bbox 1265 658 1481 722; x_wconf 85' lang='lat' dir='ltr'>cogitatio</span> <span class='ocrx_word' id='word_1_57' title='bbox 1504 673 1595 706; x_wconf 90' lang='lat' dir='ltr'>non</span> <span class='ocrx_word' id='word_1_58' title='bbox 1617 659 1748 706; x_wconf 78' lang='lat' dir='ltr'>aliud</span> <span class='ocrx_word' id='word_1_59' title='bbox 1762 660 1826 707; x_wconf 91' lang='lat' dir='ltr'>est</span> <span class='ocrx_word' id='word_1_60' title='bbox 1846 677 1980 723; x_wconf 90' lang='lat' dir='ltr'>quam</span> <span class='ocrx_word' id='word_1_61' title='bbox 2007 662 2250 711; x_wconf 89' lang='lat' dir='ltr'>voluntatis</span> 
     </span>
     <span class='ocr_line' id='line_1_7' title="bbox 272 723 2249 793; baseline 0 -18"><span class='ocrx_word' id='word_1_62' title='bbox 272 729 435 785; x_wconf 82' lang='lat' dir='ltr'>forma,</span> <span class='ocrx_word' id='word_1_63' title='bbox 472 728 542 775; x_wconf 88' lang='lat' dir='ltr'>seu</span> <span class='ocrx_word' id='word_1_64' title='bbox 584 740 634 775; x_wconf 92' lang='lat' dir='ltr'>ut</span> <span class='ocrx_word' id='word_1_65' title='bbox 673 738 878 791; x_wconf 86' lang='lat' dir='ltr'>appareat</span> <span class='ocrx_word' id='word_1_66' title='bbox 916 727 961 772; x_wconf 92' lang='lat' dir='ltr'>in</span> <span class='ocrx_word' id='word_1_67' title='bbox 1002 726 1100 773; x_wconf 88' lang='lat' dir='ltr'>luce</span> <span class='ocrx_word' id='word_1_68' title='bbox 1139 725 1264 787; x_wconf 90' lang='lat' dir='ltr'>quod</span> <span class='ocrx_word' id='word_1_69' title='bbox 1308 726 1449 772; x_wconf 90' lang='lat' dir='ltr'>homo</span> <span class='ocrx_word' id='word_1_70' title='bbox 1482 723 1620 780; x_wconf 81' lang='lat' dir='ltr'>vult3</span> <span class='ocrx_word' id='word_1_71' title='bbox 1655 723 1755 771; x_wconf 86' lang='lat' dir='ltr'>haec</span> <span class='ocrx_word' id='word_1_72' title='bbox 1792 723 1938 774; x_wconf 89' lang='lat' dir='ltr'>forma</span> <span class='ocrx_word' id='word_1_73' title='bbox 1974 727 2133 775; x_wconf 89' lang='lat' dir='ltr'>fistitur</span> <span class='ocrx_word' id='word_1_74' title='bbox 2168 745 2249 793; x_wconf 90' lang='lat' dir='ltr'>per</span> 
     </span>
     <span class='ocr_line' id='line_1_8' title="bbox 273 789 2249 855; baseline 0.002 -15"><span class='ocrx_word' id='word_1_75' title='bbox 273 795 430 854; x_wconf 32' lang='lat' dir='ltr'>varias,</span> <span class='ocrx_word' id='word_1_76' title='bbox 451 793 641 855; x_wconf 88' lang='lat' dir='ltr'>analyses</span> <span class='ocrx_word' id='word_1_77' title='bbox 681 792 928 847; x_wconf 80' lang='lat' dir='ltr'>rationaleS‚</span> <span class='ocrx_word' id='word_1_78' title='bbox 963 805 1068 855; x_wconf 86' lang='lat' dir='ltr'>quae</span> <span class='ocrx_word' id='word_1_79' title='bbox 1100 792 1323 854; x_wconf 86' lang='lat' dir='ltr'>originem</span> <span class='ocrx_word' id='word_1_80' title='bbox 1347 791 1471 844; x_wconf 86' lang='lat' dir='ltr'>suam</span> <span class='ocrx_word' id='word_1_81' title='bbox 1495 790 1671 838; x_wconf 91' lang='lat' dir='ltr'>ducunt</span> <span class='ocrx_word' id='word_1_82' title='bbox 1692 805 1717 837; x_wconf 93' lang='lat' dir='ltr'>e</span> <span class='ocrx_word' id='word_1_83' title='bbox 1738 789 1950 853; x_wconf 86' lang='lat' dir='ltr'>spirituali</span> <span class='ocrx_word' id='word_1_84' title='bbox 1973 794 2164 852; x_wconf 89' lang='lat' dir='ltr'>mundo,</span> <span class='ocrx_word' id='word_1_85' title='bbox 2198 795 2249 843; x_wconf 85' lang='lat'>&amp;</span> 
     </span>
     <span class='ocr_line' id='line_1_9' title="bbox 272 855 1007 923; baseline -0.003 -17"><span class='ocrx_word' id='word_1_86' title='bbox 272 860 371 907; x_wconf 90' lang='lat' dir='ltr'>sunt</span> <span class='ocrx_word' id='word_1_87' title='bbox 393 855 572 923; x_wconf 76' lang='lat' dir='ltr'>proprie</span> <span class='ocrx_word' id='word_1_88' title='bbox 596 859 774 923; x_wconf 84' lang='lat' dir='ltr'>spiritus</span> <span class='ocrx_word' id='word_1_89' title='bbox 798 857 1007 905; x_wconf 88' lang='lat' dir='ltr'>hominis.</span> 
     </span>
    </p>

    <p class='ocr_par' dir='ltr' id='par_1_3' title="bbox 263 921 2262 1710">
     <span class='ocr_line' id='line_1_10' title="bbox 344 921 2250 987; baseline -0.001 -12"><span class='ocrx_word' id='word_1_90' title='bbox 344 942 453 986; x_wconf 84' lang='lat'>501.</span> <span class='ocrx_word' id='word_1_91' title='bbox 490 925 733 973; x_wconf 88' lang='lat' dir='ltr'>Sciendum</span> <span class='ocrx_word' id='word_1_92' title='bbox 769 924 848 982; x_wconf 88' lang='lat' dir='ltr'>est,</span> <span class='ocrx_word' id='word_1_93' title='bbox 884 924 1011 987; x_wconf 90' lang='lat' dir='ltr'>quod</span> <span class='ocrx_word' id='word_1_94' title='bbox 1036 923 1177 971; x_wconf 89' lang='lat' dir='ltr'>homo</span> <span class='ocrx_word' id='word_1_95' title='bbox 1200 922 1376 987; x_wconf 90' lang='lat' dir='ltr'>prorsus</span> <span class='ocrx_word' id='word_1_96' title='bbox 1401 922 1498 970; x_wconf 86' lang='lat' dir='ltr'>talis</span> <span class='ocrx_word' id='word_1_97' title='bbox 1523 922 1591 979; x_wconf 89' lang='lat' dir='ltr'>fit,</span> <span class='ocrx_word' id='word_1_98' title='bbox 1626 922 1768 985; x_wconf 87' lang='lat' dir='ltr'>qualis</span> <span class='ocrx_word' id='word_1_99' title='bbox 1791 921 1854 970; x_wconf 91' lang='lat' dir='ltr'>est</span> <span class='ocrx_word' id='word_1_100' title='bbox 1873 923 2024 986; x_wconf 91' lang='lat' dir='ltr'>quoad</span> <span class='ocrx_word' id='word_1_101' title='bbox 2045 924 2117 971; x_wconf 90' lang='lat' dir='ltr'>sua</span> <span class='ocrx_word' id='word_1_102' title='bbox 2140 926 2250 973; x_wconf 83' lang='lat' dir='ltr'>inte-</span> 
     </span>
     <span class='ocr_line' id='line_1_11' title="bbox 269 988 2252 1053; baseline 0.001 -15"><span class='ocrx_word' id='word_1_103' title='bbox 269 993 401 1047; x_wconf 89' lang='lat' dir='ltr'>riora,</span> <span class='ocrx_word' id='word_1_104' title='bbox 436 992 486 1037; x_wconf 88' lang='lat'>&amp;</span> <span class='ocrx_word' id='word_1_105' title='bbox 523 1007 612 1038; x_wconf 90' lang='lat' dir='ltr'>non</span> <span class='ocrx_word' id='word_1_106' title='bbox 651 991 794 1053; x_wconf 87' lang='lat' dir='ltr'>qualis</span> <span class='ocrx_word' id='word_1_107' title='bbox 834 990 897 1037; x_wconf 89' lang='lat' dir='ltr'>est</span> <span class='ocrx_word' id='word_1_108' title='bbox 934 991 1084 1052; x_wconf 90' lang='lat' dir='ltr'>quoad</span> <span class='ocrx_word' id='word_1_109' title='bbox 1118 991 1332 1037; x_wconf 84' lang='lat' dir='ltr'>exteriora</span> <span class='ocrx_word' id='word_1_110' title='bbox 1364 988 1554 1052; x_wconf 89' lang='lat' dir='ltr'>separata</span> <span class='ocrx_word' id='word_1_111' title='bbox 1587 988 1643 1035; x_wconf 89' lang='lat' dir='ltr'>ab</span> <span class='ocrx_word' id='word_1_112' title='bbox 1681 989 1992 1043; x_wconf 80' lang='lat' dir='ltr'>interioribus3</span> <span class='ocrx_word' id='word_1_113' title='bbox 2029 991 2150 1038; x_wconf 89' lang='lat' dir='ltr'>causa</span> <span class='ocrx_word' id='word_1_114' title='bbox 2172 992 2252 1049; x_wconf 88' lang='lat' dir='ltr'>est,</span> 
     </span>
     <span class='ocr_line' id='line_1_12' title="bbox 269 1053 2253 1119; baseline 0.001 -16"><span class='ocrx_word' id='word_1_115' title='bbox 269 1059 377 1119; x_wconf 87' lang='lat' dir='ltr'>quia</span> <span class='ocrx_word' id='word_1_116' title='bbox 415 1058 623 1104; x_wconf 89' lang='lat' dir='ltr'>interiora</span> <span class='ocrx_word' id='word_1_117' title='bbox 664 1056 764 1103; x_wconf 88' lang='lat' dir='ltr'>sunt</span> <span class='ocrx_word' id='word_1_118' title='bbox 792 1053 897 1117; x_wconf 20' lang='lat' dir='ltr'>*ejus</span> <span class='ocrx_word' id='word_1_119' title='bbox 933 1056 1125 1117; x_wconf 88' lang='lat' dir='ltr'>spiritus,</span> <span class='ocrx_word' id='word_1_120' title='bbox 1161 1070 1211 1102; x_wconf 89' lang='lat' dir='ltr'>ac</span> <span class='ocrx_word' id='word_1_121' title='bbox 1233 1057 1326 1102; x_wconf 91' lang='lat' dir='ltr'>vita</span> <span class='ocrx_word' id='word_1_122' title='bbox 1361 1054 1558 1101; x_wconf 85' lang='lat' dir='ltr'>hominis</span> <span class='ocrx_word' id='word_1_123' title='bbox 1592 1053 1656 1102; x_wconf 90' lang='lat' dir='ltr'>est</span> <span class='ocrx_word' id='word_1_124' title='bbox 1688 1056 1781 1102; x_wconf 88' lang='lat' dir='ltr'>vita</span> <span class='ocrx_word' id='word_1_125' title='bbox 1818 1054 1883 1101; x_wconf 89' lang='lat' dir='ltr'>sui</span> <span class='ocrx_word' id='word_1_126' title='bbox 1920 1054 2114 1118; x_wconf 86' lang='lat' dir='ltr'>spiritus,</span> <span class='ocrx_word' id='word_1_127' title='bbox 2149 1057 2253 1105; x_wconf 87' lang='lat' dir='ltr'>inde</span> 
     </span>
     <span class='ocr_line' id='line_1_13' title="bbox 272 1119 2254 1185; baseline 0.001 -16"><span class='ocrx_word' id='word_1_128' title='bbox 272 1125 394 1170; x_wconf 88' lang='lat' dir='ltr'>enim</span> <span class='ocrx_word' id='word_1_129' title='bbox 428 1139 594 1185; x_wconf 91' lang='lat' dir='ltr'>corpus</span> <span class='ocrx_word' id='word_1_130' title='bbox 616 1123 749 1178; x_wconf 86' lang='lat' dir='ltr'>vivit,</span> <span class='ocrx_word' id='word_1_131' title='bbox 784 1134 1058 1185; x_wconf 89' lang='lat' dir='ltr'>quapropter</span> <span class='ocrx_word' id='word_1_132' title='bbox 1097 1120 1234 1167; x_wconf 87' lang='lat' dir='ltr'>etiam</span> <span class='ocrx_word' id='word_1_133' title='bbox 1274 1120 1416 1183; x_wconf 89' lang='lat' dir='ltr'>qualis</span> <span class='ocrx_word' id='word_1_134' title='bbox 1455 1121 1595 1168; x_wconf 89' lang='lat' dir='ltr'>homo</span> <span class='ocrx_word' id='word_1_135' title='bbox 1631 1119 1694 1167; x_wconf 93' lang='lat' dir='ltr'>est</span> <span class='ocrx_word' id='word_1_136' title='bbox 1732 1119 1883 1183; x_wconf 90' lang='lat' dir='ltr'>quoad</span> <span class='ocrx_word' id='word_1_137' title='bbox 1923 1119 1997 1167; x_wconf 91' lang='lat' dir='ltr'>sua</span> <span class='ocrx_word' id='word_1_138' title='bbox 2033 1122 2254 1181; x_wconf 88' lang='lat' dir='ltr'>interiora,</span> 
     </span>
     <span class='ocr_line' id='line_1_14' title="bbox 271 1185 2254 1250; baseline 0.001 -15"><span class='ocrx_word' id='word_1_139' title='bbox 271 1190 367 1235; x_wconf 87' lang='lat' dir='ltr'>talis</span> <span class='ocrx_word' id='word_1_140' title='bbox 407 1201 559 1236; x_wconf 88' lang='lat' dir='ltr'>manet</span> <span class='ocrx_word' id='word_1_141' title='bbox 597 1189 644 1235; x_wconf 89' lang='lat' dir='ltr'>in</span> <span class='ocrx_word' id='word_1_142' title='bbox 683 1198 937 1242; x_wconf 78' lang='lat' dir='ltr'>aeternum3</span> <span class='ocrx_word' id='word_1_143' title='bbox 974 1186 1187 1234; x_wconf 83' lang='lat' dir='ltr'>exteriora</span> <span class='ocrx_word' id='word_1_144' title='bbox 1217 1197 1386 1242; x_wconf 91' lang='lat' dir='ltr'>autem,</span> <span class='ocrx_word' id='word_1_145' title='bbox 1422 1186 1526 1248; x_wconf 87' lang='lat' dir='ltr'>quia</span> <span class='ocrx_word' id='word_1_146' title='bbox 1564 1187 1784 1249; x_wconf 88' lang='lat' dir='ltr'>pertinent</span> <span class='ocrx_word' id='word_1_147' title='bbox 1816 1186 1952 1234; x_wconf 88' lang='lat' dir='ltr'>etiam</span> <span class='ocrx_word' id='word_1_148' title='bbox 1986 1185 2042 1233; x_wconf 93' lang='lat' dir='ltr'>ad</span> <span class='ocrx_word' id='word_1_149' title='bbox 2074 1202 2254 1250; x_wconf 89' lang='lat' dir='ltr'>corpus,</span> 
     </span>
     <span class='ocr_line' id='line_1_15' title="bbox 269 1250 2256 1317; baseline 0 -16"><span class='ocrx_word' id='word_1_150' title='bbox 269 1253 525 1317; x_wconf 84' lang='lat' dir='ltr'>separantur</span> <span class='ocrx_word' id='word_1_151' title='bbox 563 1253 664 1316; x_wconf 90' lang='lat' dir='ltr'>post</span> <span class='ocrx_word' id='word_1_152' title='bbox 702 1265 915 1308; x_wconf 85' lang='lat' dir='ltr'>mortem,</span> <span class='ocrx_word' id='word_1_153' title='bbox 949 1252 999 1300; x_wconf 74' lang='grc' dir='ltr'>δε</span> <span class='ocrx_word' id='word_1_154' title='bbox 1022 1268 1070 1299; x_wconf 89' lang='lat' dir='ltr'>ea</span> <span class='ocrx_word' id='word_1_155' title='bbox 1092 1267 1198 1315; x_wconf 86' lang='lat' dir='ltr'>quae</span> <span class='ocrx_word' id='word_1_156' title='bbox 1220 1267 1278 1299; x_wconf 89' lang='lat' dir='ltr'>ex</span> <span class='ocrx_word' id='word_1_157' title='bbox 1310 1252 1398 1298; x_wconf 85' lang='lat' dir='ltr'>illis</span> <span class='ocrx_word' id='word_1_158' title='bbox 1433 1252 1661 1300; x_wconf 87' lang='lat' dir='ltr'>adhaerent</span> <span class='ocrx_word' id='word_1_159' title='bbox 1699 1252 1886 1315; x_wconf 90' lang='lat' dir='ltr'>spiritui,</span> <span class='ocrx_word' id='word_1_160' title='bbox 1922 1250 2171 1315; x_wconf 87' lang='lat' dir='ltr'>sopiuntur,</span> <span class='ocrx_word' id='word_1_161' title='bbox 2206 1270 2256 1301; x_wconf 89' lang='lat' dir='ltr'>ac</span> 
     </span>
     <span class='ocr_line' id='line_1_16' title="bbox 271 1317 2258 1382; baseline 0.001 -16"><span class='ocrx_word' id='word_1_162' title='bbox 271 1320 415 1367; x_wconf 88' lang='lat' dir='ltr'>modo</span> <span class='ocrx_word' id='word_1_163' title='bbox 437 1320 680 1367; x_wconf 86' lang='lat' dir='ltr'>inserviunt</span> <span class='ocrx_word' id='word_1_164' title='bbox 702 1333 786 1381; x_wconf 90' lang='lat' dir='ltr'>pro</span> <span class='ocrx_word' id='word_1_165' title='bbox 808 1318 945 1382; x_wconf 89' lang='lat' dir='ltr'>plano</span> <span class='ocrx_word' id='word_1_166' title='bbox 967 1318 1263 1374; x_wconf 86' lang='lat' dir='ltr'>interioribus,</span> <span class='ocrx_word' id='word_1_167' title='bbox 1299 1330 1352 1365; x_wconf 90' lang='lat' dir='ltr'>ut</span> <span class='ocrx_word' id='word_1_168' title='bbox 1373 1317 1521 1381; x_wconf 88' lang='lat' dir='ltr'>supra,</span> <span class='ocrx_word' id='word_1_169' title='bbox 1554 1319 1633 1366; x_wconf 90' lang='lat' dir='ltr'>ubi</span> <span class='ocrx_word' id='word_1_170' title='bbox 1667 1318 1819 1365; x_wconf 56' lang='lat' dir='ltr'>aestum</span> <span class='ocrx_word' id='word_1_171' title='bbox 1851 1317 1914 1365; x_wconf 91' lang='lat' dir='ltr'>est</span> <span class='ocrx_word' id='word_1_172' title='bbox 1948 1319 2006 1366; x_wconf 90' lang='lat' dir='ltr'>de</span> <span class='ocrx_word' id='word_1_173' title='bbox 2039 1321 2258 1367; x_wconf 87' lang='lat' dir='ltr'>memoria</span> 
     </span>
     <span class='ocr_line' id='line_1_17' title="bbox 270 1383 2258 1448; baseline 0.001 -17"><span class='ocrx_word' id='word_1_174' title='bbox 270 1384 466 1432; x_wconf 87' lang='lat' dir='ltr'>hominis</span> <span class='ocrx_word' id='word_1_175' title='bbox 505 1383 608 1447; x_wconf 88' lang='lat' dir='ltr'>post</span> <span class='ocrx_word' id='word_1_176' title='bbox 647 1395 843 1431; x_wconf 89' lang='lat' dir='ltr'>mortem</span> <span class='ocrx_word' id='word_1_177' title='bbox 883 1396 1153 1440; x_wconf 89' lang='lat' dir='ltr'>remanente,</span> <span class='ocrx_word' id='word_1_178' title='bbox 1190 1383 1412 1431; x_wconf 89' lang='lat' dir='ltr'>ostensum</span> <span class='ocrx_word' id='word_1_179' title='bbox 1450 1383 1527 1431; x_wconf 89' lang='lat' dir='ltr'>est.</span> <span class='ocrx_word' id='word_1_180' title='bbox 1597 1384 1709 1432; x_wconf 91' lang='lat' dir='ltr'>Inde</span> <span class='ocrx_word' id='word_1_181' title='bbox 1747 1395 1884 1448; x_wconf 90' lang='lat' dir='ltr'>patet,</span> <span class='ocrx_word' id='word_1_182' title='bbox 1919 1399 2131 1447; x_wconf 87' lang='lat' dir='ltr'>quaenam</span> <span class='ocrx_word' id='word_1_183' title='bbox 2156 1384 2258 1433; x_wconf 88' lang='lat' dir='ltr'>sunt</span> 
     </span>
     <span class='ocr_line' id='line_1_18' title="bbox 270 1447 2258 1514; baseline 0.002 -18"><span class='ocrx_word' id='word_1_184' title='bbox 270 1452 451 1513; x_wconf 87' lang='lat' dir='ltr'>propria</span> <span class='ocrx_word' id='word_1_185' title='bbox 475 1449 688 1507; x_wconf 87' lang='lat' dir='ltr'>hominis,</span> <span class='ocrx_word' id='word_1_186' title='bbox 724 1451 773 1498; x_wconf 84' lang='lat'>&amp;</span> <span class='ocrx_word' id='word_1_187' title='bbox 795 1465 1006 1513; x_wconf 90' lang='lat' dir='ltr'>quaenam</span> <span class='ocrx_word' id='word_1_188' title='bbox 1031 1466 1122 1497; x_wconf 91' lang='lat' dir='ltr'>non</span> <span class='ocrx_word' id='word_1_189' title='bbox 1146 1450 1247 1497; x_wconf 91' lang='lat' dir='ltr'>sunt</span> <span class='ocrx_word' id='word_1_190' title='bbox 1277 1451 1455 1513; x_wconf 89' lang='lat' dir='ltr'>propria</span> <span class='ocrx_word' id='word_1_191' title='bbox 1487 1447 1597 1512; x_wconf 90' lang='lat' dir='ltr'>ejus,</span> <span class='ocrx_word' id='word_1_192' title='bbox 1633 1451 1759 1513; x_wconf 90' lang='lat' dir='ltr'>quod</span> <span class='ocrx_word' id='word_1_193' title='bbox 1782 1465 1945 1513; x_wconf 88' lang='lat' dir='ltr'>nempe</span> <span class='ocrx_word' id='word_1_194' title='bbox 1969 1451 2089 1514; x_wconf 91' lang='lat' dir='ltr'>apud</span> <span class='ocrx_word' id='word_1_195' title='bbox 2115 1451 2258 1499; x_wconf 82' lang='lat' dir='ltr'>malos</span> 
     </span>
     <span class='ocr_line' id='line_1_19' title="bbox 263 1514 2262 1580; baseline 0.001 -17"><span class='ocrx_word' id='word_1_196' title='bbox 263 1516 422 1563; x_wconf 64' lang='lat' dir='ltr'>:omnia</span> <span class='ocrx_word' id='word_1_197' title='bbox 461 1516 535 1563; x_wconf 88' lang='lat' dir='ltr'>illa</span> <span class='ocrx_word' id='word_1_198' title='bbox 573 1532 678 1579; x_wconf 86' lang='lat' dir='ltr'>quae</span> <span class='ocrx_word' id='word_1_199' title='bbox 717 1514 817 1563; x_wconf 91' lang='lat' dir='ltr'>sunt</span> <span class='ocrx_word' id='word_1_200' title='bbox 855 1516 1083 1564; x_wconf 87' lang='lat' dir='ltr'>exterioris</span> <span class='ocrx_word' id='word_1_201' title='bbox 1118 1517 1406 1579; x_wconf 87' lang='lat' dir='ltr'>cogitationis</span> <span class='ocrx_word' id='word_1_202' title='bbox 1441 1531 1499 1564; x_wconf 92' lang='lat' dir='ltr'>ex</span> <span class='ocrx_word' id='word_1_203' title='bbox 1533 1531 1621 1578; x_wconf 90' lang='lat' dir='ltr'>qua</span> <span class='ocrx_word' id='word_1_204' title='bbox 1653 1516 1918 1580; x_wconf 91' lang='lat' dir='ltr'>loquuntur,</span> <span class='ocrx_word' id='word_1_205' title='bbox 1953 1516 2002 1564; x_wconf 80' lang='grc' dir='ltr'>ὅτ</span> <span class='ocrx_word' id='word_1_206' title='bbox 2027 1517 2262 1565; x_wconf 74' lang='lat' dir='ltr'>exterioris</span> 
     </span>
     <span class='ocr_line' id='line_1_20' title="bbox 269 1581 2204 1645; baseline 0.003 -19"><span class='ocrx_word' id='word_1_207' title='bbox 269 1582 514 1630; x_wconf 81' lang='lat' dir='ltr'>voluntatis</span> <span class='ocrx_word' id='word_1_208' title='bbox 551 1597 606 1636; x_wconf 86' lang='lat' dir='ltr'>ex</span> <span class='ocrx_word' id='word_1_209' title='bbox 643 1598 734 1645; x_wconf 88' lang='lat' dir='ltr'>qua</span> <span class='ocrx_word' id='word_1_210' title='bbox 771 1594 929 1644; x_wconf 89' lang='lat' dir='ltr'>agunt,</span> <span class='ocrx_word' id='word_1_211' title='bbox 967 1598 1057 1630; x_wconf 90' lang='lat' dir='ltr'>non</span> <span class='ocrx_word' id='word_1_212' title='bbox 1092 1582 1177 1629; x_wconf 88' lang='lat' dir='ltr'>fint</span> <span class='ocrx_word' id='word_1_213' title='bbox 1212 1597 1367 1631; x_wconf 89' lang='lat' dir='ltr'>eorum</span> <span class='ocrx_word' id='word_1_214' title='bbox 1410 1584 1606 1645; x_wconf 89' lang='lat' dir='ltr'>propria,</span> <span class='ocrx_word' id='word_1_215' title='bbox 1643 1581 1715 1629; x_wconf 92' lang='lat' dir='ltr'>sed</span> <span class='ocrx_word' id='word_1_216' title='bbox 1748 1581 1822 1629; x_wconf 87' lang='lat' dir='ltr'>illa</span> <span class='ocrx_word' id='word_1_217' title='bbox 1844 1598 1949 1645; x_wconf 88' lang='lat' dir='ltr'>quae</span> <span class='ocrx_word' id='word_1_218' title='bbox 1974 1581 2076 1630; x_wconf 91' lang='lat' dir='ltr'>sunt</span> <span class='ocrx_word' id='word_1_219' title='bbox 2098 1599 2204 1631; x_wconf 92' lang='lat' dir='ltr'>eoru</span> 
     </span>
     <span class='ocr_line' id='line_1_21' title="bbox 269 1648 2195 1710; baseline -0.001 -16"><span class='ocrx_word' id='word_1_220' title='bbox 269 1649 486 1696; x_wconf 87' lang='lat' dir='ltr'>interioris</span> <span class='ocrx_word' id='word_1_221' title='bbox 508 1648 796 1710; x_wconf 91' lang='lat' dir='ltr'>cogitationis</span> <span class='ocrx_word' id='word_1_222' title='bbox 818 1649 868 1695; x_wconf 86' lang='lat'>&amp;</span> <span class='ocrx_word' id='word_1_223' title='bbox 892 1648 1151 1696; x_wconf 89' lang='lat' dir='ltr'>voluntatis.</span> <span class='ocrx_word' id='word_1_224' title='bbox 1340 1706 1342 1709; x_wconf 84' lang='lat'>.</span> <span class='ocrx_word' id='word_1_225' title='bbox 2182 1665 2195 1679; x_wconf 53' lang='grc' dir='ltr'><strong>ν</strong></span> 
     </span>
    </p>

    <p class='ocr_par' dir='ltr' id='par_1_4' title="bbox 267 1711 2260 2304">
     <span class='ocr_line' id='line_1_22' title="bbox 341 1711 2257 1777; baseline 0 -15"><span class='ocrx_word' id='word_1_226' title='bbox 341 1730 450 1775; x_wconf 88' lang='lat'><strong>502.</strong></span> <span class='ocrx_word' id='word_1_227' title='bbox 487 1714 594 1761; x_wconf 89' lang='lat' dir='ltr'>Post</span> <span class='ocrx_word' id='word_1_228' title='bbox 618 1714 829 1761; x_wconf 89' lang='lat' dir='ltr'>Primum</span> <span class='ocrx_word' id='word_1_229' title='bbox 855 1714 1020 1760; x_wconf 90' lang='lat' dir='ltr'>statum</span> <span class='ocrx_word' id='word_1_230' title='bbox 1042 1713 1267 1769; x_wconf 66' lang='lat' dir='ltr'>exactum3</span> <span class='ocrx_word' id='word_1_231' title='bbox 1301 1713 1380 1776; x_wconf 89' lang='lat' dir='ltr'>qui</span> <span class='ocrx_word' id='word_1_232' title='bbox 1404 1711 1467 1760; x_wconf 89' lang='lat' dir='ltr'>est</span> <span class='ocrx_word' id='word_1_233' title='bbox 1492 1713 1640 1760; x_wconf 89' lang='lat' dir='ltr'>Status</span> <span class='ocrx_word' id='word_1_234' title='bbox 1661 1713 1955 1769; x_wconf 87' lang='lat' dir='ltr'>exteriorum,</span> <span class='ocrx_word' id='word_1_235' title='bbox 1989 1713 2046 1760; x_wconf 92' lang='lat' dir='ltr'>de</span> <span class='ocrx_word' id='word_1_236' title='bbox 2080 1730 2175 1777; x_wconf 90' lang='lat' dir='ltr'>quo</span> <span class='ocrx_word' id='word_1_237' title='bbox 2208 1715 2257 1763; x_wconf 86' lang='lat' dir='ltr'>in</span> 
     </span>
     <span class='ocr_line' id='line_1_23' title="bbox 267 1778 2255 1843; baseline 0.001 -17"><span class='ocrx_word' id='word_1_238' title='bbox 267 1780 551 1843; x_wconf 82' lang='lat' dir='ltr'>praecedente</span> <span class='ocrx_word' id='word_1_239' title='bbox 575 1778 787 1826; x_wconf 88' lang='lat' dir='ltr'>Articulo</span> <span class='ocrx_word' id='word_1_240' title='bbox 817 1779 970 1825; x_wconf 64' lang='lat' dir='ltr'>adtum</span> <span class='ocrx_word' id='word_1_241' title='bbox 1009 1778 1088 1835; x_wconf 92' lang='lat' dir='ltr'>est,</span> <span class='ocrx_word' id='word_1_242' title='bbox 1123 1779 1264 1825; x_wconf 90' lang='lat' dir='ltr'>homo</span> <span class='ocrx_word' id='word_1_243' title='bbox 1301 1779 1478 1841; x_wconf 90' lang='lat' dir='ltr'>spiritus</span> <span class='ocrx_word' id='word_1_244' title='bbox 1514 1780 1777 1827; x_wconf 84' lang='lat' dir='ltr'>immittitur</span> <span class='ocrx_word' id='word_1_245' title='bbox 1800 1781 1844 1826; x_wconf 93' lang='lat' dir='ltr'>in</span> <span class='ocrx_word' id='word_1_246' title='bbox 1870 1780 2050 1826; x_wconf 90' lang='lat' dir='ltr'>Statum</span> <span class='ocrx_word' id='word_1_247' title='bbox 2073 1780 2255 1828; x_wconf 88' lang='lat' dir='ltr'>interio-</span> 
     </span>
     <span class='ocr_line' id='line_1_24' title="bbox 268 1843 2257 1910; baseline 0.001 -18"><span class='ocrx_word' id='word_1_248' title='bbox 268 1861 374 1892; x_wconf 85' lang='lat' dir='ltr'>rum</span> <span class='ocrx_word' id='word_1_249' title='bbox 410 1844 609 1901; x_wconf 88' lang='lat' dir='ltr'>suorum,</span> <span class='ocrx_word' id='word_1_250' title='bbox 646 1843 718 1891; x_wconf 90' lang='lat' dir='ltr'>seu</span> <span class='ocrx_word' id='word_1_251' title='bbox 754 1845 801 1890; x_wconf 88' lang='lat' dir='ltr'>in</span> <span class='ocrx_word' id='word_1_252' title='bbox 841 1843 1007 1890; x_wconf 90' lang='lat' dir='ltr'>statum</span> <span class='ocrx_word' id='word_1_253' title='bbox 1044 1845 1263 1891; x_wconf 88' lang='lat' dir='ltr'>interioris</span> <span class='ocrx_word' id='word_1_254' title='bbox 1286 1844 1531 1890; x_wconf 89' lang='lat' dir='ltr'>voluntatis</span> <span class='ocrx_word' id='word_1_255' title='bbox 1554 1844 1730 1891; x_wconf 88' lang='lat' dir='ltr'>&amp;inde</span> <span class='ocrx_word' id='word_1_256' title='bbox 1754 1845 2056 1907; x_wconf 89' lang='lat' dir='ltr'>cogitationis,</span> <span class='ocrx_word' id='word_1_257' title='bbox 2093 1847 2137 1892; x_wconf 89' lang='lat' dir='ltr'>in</span> <span class='ocrx_word' id='word_1_258' title='bbox 2161 1863 2257 1910; x_wconf 91' lang='lat' dir='ltr'>quo</span> 
     </span>
     <span class='ocr_line' id='line_1_25' title="bbox 269 1908 2260 1973; baseline 0.001 -17"><span class='ocrx_word' id='word_1_259' title='bbox 269 1909 413 1959; x_wconf 86' lang='lat' dir='ltr'>suerat</span> <span class='ocrx_word' id='word_1_260' title='bbox 454 1912 501 1957; x_wconf 90' lang='lat' dir='ltr'>in</span> <span class='ocrx_word' id='word_1_261' title='bbox 541 1910 732 1965; x_wconf 90' lang='lat' dir='ltr'>mundo,</span> <span class='ocrx_word' id='word_1_262' title='bbox 780 1925 887 1956; x_wconf 89' lang='lat' dir='ltr'>cum</span> <span class='ocrx_word' id='word_1_263' title='bbox 929 1909 1007 1956; x_wconf 85' lang='lat' dir='ltr'>fibi</span> <span class='ocrx_word' id='word_1_264' title='bbox 1049 1910 1224 1958; x_wconf 62' lang='lat' dir='ltr'>relidius</span> <span class='ocrx_word' id='word_1_265' title='bbox 1263 1908 1398 1957; x_wconf 88' lang='lat' dir='ltr'>libere</span> <span class='ocrx_word' id='word_1_266' title='bbox 1437 1910 1486 1957; x_wconf 86' lang='lat'>&amp;</span> <span class='ocrx_word' id='word_1_267' title='bbox 1525 1909 1688 1973; x_wconf 89' lang='lat' dir='ltr'>absque</span> <span class='ocrx_word' id='word_1_268' title='bbox 1727 1909 1874 1958; x_wconf 85' lang='lat' dir='ltr'>fraeno</span> <span class='ocrx_word' id='word_1_269' title='bbox 1911 1911 2164 1973; x_wconf 69' lang='lat' dir='ltr'>cogitavit,</span> <span class='ocrx_word' id='word_1_270' title='bbox 2211 1913 2260 1958; x_wconf 85' lang='lat' dir='ltr'>in</span> 
     </span>
     <span class='ocr_line' id='line_1_26' title="bbox 268 1974 2260 2039; baseline 0.001 -16"><span class='ocrx_word' id='word_1_271' title='bbox 268 1976 390 2023; x_wconf 91' lang='lat' dir='ltr'>hunc</span> <span class='ocrx_word' id='word_1_272' title='bbox 425 1975 588 2024; x_wconf 89' lang='lat' dir='ltr'>statum</span> <span class='ocrx_word' id='word_1_273' title='bbox 627 1975 824 2023; x_wconf 89' lang='lat' dir='ltr'>illabitur</span> <span class='ocrx_word' id='word_1_274' title='bbox 862 1974 959 2039; x_wconf 92' lang='lat' dir='ltr'>ipso</span> <span class='ocrx_word' id='word_1_275' title='bbox 995 1976 1229 2033; x_wconf 88' lang='lat' dir='ltr'>nesciente,</span> <span class='ocrx_word' id='word_1_276' title='bbox 1272 1976 1472 2031; x_wconf 79' lang='lat' dir='ltr'>similiter</span> <span class='ocrx_word' id='word_1_277' title='bbox 1508 1987 1560 2022; x_wconf 88' lang='lat' dir='ltr'>ut</span> <span class='ocrx_word' id='word_1_278' title='bbox 1598 1977 1645 2023; x_wconf 88' lang='lat' dir='ltr'>in</span> <span class='ocrx_word' id='word_1_279' title='bbox 1685 1977 1878 2033; x_wconf 91' lang='lat' dir='ltr'>mundo,</span> <span class='ocrx_word' id='word_1_280' title='bbox 1929 1992 2037 2024; x_wconf 88' lang='lat' dir='ltr'>cum</span> <span class='ocrx_word' id='word_1_281' title='bbox 2078 1978 2260 2026; x_wconf 86' lang='lat' dir='ltr'>retrahit</span> 
     </span>
     <span class='ocr_line' id='line_1_27' title="bbox 269 2041 2258 2105; baseline 0 -15"><span class='ocrx_word' id='word_1_282' title='bbox 269 2042 595 2105; x_wconf 88' lang='lat' dir='ltr'>cogitationem</span> <span class='ocrx_word' id='word_1_283' title='bbox 618 2042 875 2105; x_wconf 88' lang='lat' dir='ltr'>proximam</span> <span class='ocrx_word' id='word_1_284' title='bbox 899 2042 1109 2105; x_wconf 87' lang='lat' dir='ltr'>loquelae,</span> <span class='ocrx_word' id='word_1_285' title='bbox 1145 2042 1218 2090; x_wconf 90' lang='lat' dir='ltr'>seu</span> <span class='ocrx_word' id='word_1_286' title='bbox 1240 2058 1296 2090; x_wconf 90' lang='lat' dir='ltr'>ex</span> <span class='ocrx_word' id='word_1_287' title='bbox 1317 2058 1407 2105; x_wconf 84' lang='lat' dir='ltr'>qua</span> <span class='ocrx_word' id='word_1_288' title='bbox 1431 2041 1625 2105; x_wconf 88' lang='lat' dir='ltr'>loquela,</span> <span class='ocrx_word' id='word_1_289' title='bbox 1660 2042 1811 2090; x_wconf 88' lang='lat' dir='ltr'>versus</span> <span class='ocrx_word' id='word_1_290' title='bbox 1834 2041 2106 2101; x_wconf 84' lang='lat' dir='ltr'>interiorem,</span> <span class='ocrx_word' id='word_1_291' title='bbox 2141 2060 2191 2091; x_wconf 89' lang='lat' dir='ltr'>ac</span> <span class='ocrx_word' id='word_1_292' title='bbox 2211 2045 2258 2090; x_wconf 89' lang='lat' dir='ltr'>in</span> 
     </span>
     <span class='ocr_line' id='line_1_28' title="bbox 269 2107 2258 2172; baseline 0 -16"><span class='ocrx_word' id='word_1_293' title='bbox 269 2124 322 2157; x_wconf 89' lang='lat' dir='ltr'>ea</span> <span class='ocrx_word' id='word_1_294' title='bbox 342 2119 573 2157; x_wconf 87' lang='lat' dir='ltr'>moratur:</span> <span class='ocrx_word' id='word_1_295' title='bbox 609 2124 743 2171; x_wconf 91' lang='lat' dir='ltr'>quare</span> <span class='ocrx_word' id='word_1_296' title='bbox 782 2123 890 2155; x_wconf 90' lang='lat' dir='ltr'>cum</span> <span class='ocrx_word' id='word_1_297' title='bbox 931 2108 1071 2156; x_wconf 90' lang='lat' dir='ltr'>homo</span> <span class='ocrx_word' id='word_1_298' title='bbox 1110 2107 1285 2172; x_wconf 89' lang='lat' dir='ltr'>spiritus</span> <span class='ocrx_word' id='word_1_299' title='bbox 1326 2109 1371 2154; x_wconf 89' lang='lat' dir='ltr'>in</span> <span class='ocrx_word' id='word_1_300' title='bbox 1410 2107 1496 2154; x_wconf 92' lang='lat' dir='ltr'>hoc</span> <span class='ocrx_word' id='word_1_301' title='bbox 1535 2108 1648 2155; x_wconf 81' lang='lat' dir='ltr'>statu</span> <span class='ocrx_word' id='word_1_302' title='bbox 1683 2108 1764 2165; x_wconf 88' lang='lat' dir='ltr'>est,</span> <span class='ocrx_word' id='word_1_303' title='bbox 1799 2110 1843 2155; x_wconf 91' lang='lat' dir='ltr'>in</span> <span class='ocrx_word' id='word_1_304' title='bbox 1867 2108 2004 2171; x_wconf 90' lang='lat' dir='ltr'>seipso</span> <span class='ocrx_word' id='word_1_305' title='bbox 2023 2108 2101 2165; x_wconf 88' lang='lat' dir='ltr'>est,</span> <span class='ocrx_word' id='word_1_306' title='bbox 2137 2110 2258 2157; x_wconf 89' lang='lat' dir='ltr'>&amp;in</span> 
     </span>
     <span class='ocr_line' id='line_1_29' title="bbox 269 2171 2256 2238; baseline 0.001 -17"><span class='ocrx_word' id='word_1_307' title='bbox 269 2171 364 2237; x_wconf 88' lang='lat' dir='ltr'>ipsa</span> <span class='ocrx_word' id='word_1_308' title='bbox 383 2175 458 2222; x_wconf 91' lang='lat' dir='ltr'>sua</span> <span class='ocrx_word' id='word_1_309' title='bbox 479 2175 588 2230; x_wconf 88' lang='lat' dir='ltr'>vita,</span> <span class='ocrx_word' id='word_1_310' title='bbox 624 2189 728 2221; x_wconf 87' lang='lat' dir='ltr'>nam</span> <span class='ocrx_word' id='word_1_311' title='bbox 753 2173 887 2222; x_wconf 85' lang='lat' dir='ltr'>libere</span> <span class='ocrx_word' id='word_1_312' title='bbox 910 2176 1107 2237; x_wconf 85' lang='lat' dir='ltr'>cogitare</span> <span class='ocrx_word' id='word_1_313' title='bbox 1140 2190 1196 2226; x_wconf 85' lang='lat' dir='ltr'>ex</span> <span class='ocrx_word' id='word_1_314' title='bbox 1229 2175 1408 2238; x_wconf 88' lang='lat' dir='ltr'>propria</span> <span class='ocrx_word' id='word_1_315' title='bbox 1442 2173 1689 2231; x_wconf 69' lang='lat' dir='ltr'>affectione,</span> <span class='ocrx_word' id='word_1_316' title='bbox 1725 2173 1789 2222; x_wconf 89' lang='lat' dir='ltr'>est</span> <span class='ocrx_word' id='word_1_317' title='bbox 1811 2174 1903 2238; x_wconf 88' lang='lat' dir='ltr'>ipsa</span> <span class='ocrx_word' id='word_1_318' title='bbox 1925 2175 2256 2235; x_wconf 3' lang='lat' dir='ltr'>vitaqhominis,</span> 
     </span>
     <span class='ocr_line' id='line_1_30' title="bbox 272 2238 538 2304; baseline 0 -16"><span class='ocrx_word' id='word_1_319' title='bbox 272 2241 322 2288; x_wconf 78' lang='grc' dir='ltr'>δι</span> <span class='ocrx_word' id='word_1_320' title='bbox 345 2238 408 2288; x_wconf 87' lang='lat' dir='ltr'>est</span> <span class='ocrx_word' id='word_1_321' title='bbox 431 2239 538 2304; x_wconf 80' lang='lat' dir='ltr'>ipse.</span> 
     </span>
    </p>

    <p class='ocr_par' dir='ltr' id='par_1_5' title="bbox 266 2304 2262 2635">
     <span class='ocr_line' id='line_1_31' title="bbox 343 2304 2262 2370; baseline 0.002 -18"><span class='ocrx_word' id='word_1_322' title='bbox 343 2318 453 2369; x_wconf 87' lang='lat'><strong>503.</strong></span> <span class='ocrx_word' id='word_1_323' title='bbox 491 2305 682 2370; x_wconf 89' lang='lat' dir='ltr'>Spiritus</span> <span class='ocrx_word' id='word_1_324' title='bbox 706 2306 750 2353; x_wconf 90' lang='lat' dir='ltr'>in</span> <span class='ocrx_word' id='word_1_325' title='bbox 775 2305 860 2353; x_wconf 93' lang='lat' dir='ltr'>hoc</span> <span class='ocrx_word' id='word_1_326' title='bbox 880 2305 990 2354; x_wconf 87' lang='lat' dir='ltr'>statu</span> <span class='ocrx_word' id='word_1_327' title='bbox 1009 2307 1180 2370; x_wconf 90' lang='lat' dir='ltr'>cogitat</span> <span class='ocrx_word' id='word_1_328' title='bbox 1202 2323 1258 2354; x_wconf 90' lang='lat' dir='ltr'>ex</span> <span class='ocrx_word' id='word_1_329' title='bbox 1282 2305 1372 2370; x_wconf 91' lang='lat' dir='ltr'>ipsa</span> <span class='ocrx_word' id='word_1_330' title='bbox 1395 2304 1466 2353; x_wconf 90' lang='lat' dir='ltr'>sua</span> <span class='ocrx_word' id='word_1_331' title='bbox 1479 2306 1727 2363; x_wconf 87' lang='lat' dir='ltr'>voluntate,</span> <span class='ocrx_word' id='word_1_332' title='bbox 1753 2308 1813 2354; x_wconf 88' lang='lat' dir='ltr'>ita</span> <span class='ocrx_word' id='word_1_333' title='bbox 1835 2306 2007 2370; x_wconf 75' lang='lat' dir='ltr'>ex&#39;ipsa</span> <span class='ocrx_word' id='word_1_334' title='bbox 2031 2306 2104 2354; x_wconf 89' lang='lat' dir='ltr'>sua</span> <span class='ocrx_word' id='word_1_335' title='bbox 2127 2306 2262 2355; x_wconf 85' lang='lat' dir='ltr'>affec-</span> 
     </span>
     <span class='ocr_line' id='line_1_32' title="bbox 270 2370 2259 2436; baseline 0.002 -18"><span class='ocrx_word' id='word_1_336' title='bbox 270 2370 412 2428; x_wconf 90' lang='lat' dir='ltr'>tione,</span> <span class='ocrx_word' id='word_1_337' title='bbox 448 2370 520 2420; x_wconf 88' lang='lat' dir='ltr'>seu</span> <span class='ocrx_word' id='word_1_338' title='bbox 541 2388 598 2420; x_wconf 89' lang='lat' dir='ltr'>ex</span> <span class='ocrx_word' id='word_1_339' title='bbox 620 2372 716 2435; x_wconf 91' lang='lat' dir='ltr'>ipso</span> <span class='ocrx_word' id='word_1_340' title='bbox 738 2371 816 2420; x_wconf 88' lang='lat' dir='ltr'>suo</span> <span class='ocrx_word' id='word_1_341' title='bbox 835 2388 1004 2430; x_wconf 86' lang='lat' dir='ltr'>amore,</span> <span class='ocrx_word' id='word_1_342' title='bbox 1040 2375 1088 2421; x_wconf 86' lang='lat'>&amp;</span> <span class='ocrx_word' id='word_1_343' title='bbox 1113 2386 1222 2420; x_wconf 90' lang='lat' dir='ltr'>tunc</span> <span class='ocrx_word' id='word_1_344' title='bbox 1258 2374 1474 2436; x_wconf 73' lang='lat' dir='ltr'>cogitatio</span> <span class='ocrx_word' id='word_1_345' title='bbox 1496 2389 1640 2420; x_wconf 90' lang='lat' dir='ltr'>unum</span> <span class='ocrx_word' id='word_1_346' title='bbox 1665 2371 1771 2420; x_wconf 87' lang='lat' dir='ltr'>facit</span> <span class='ocrx_word' id='word_1_347' title='bbox 1793 2378 1901 2421; x_wconf 84' lang='lat' dir='ltr'>c&#39;um</span> <span class='ocrx_word' id='word_1_348' title='bbox 1925 2373 2171 2430; x_wconf 88' lang='lat' dir='ltr'>voluntate,</span> <span class='ocrx_word' id='word_1_349' title='bbox 2208 2390 2259 2421; x_wconf 88' lang='lat' dir='ltr'>ac</span> 
     </span>
     <span class='ocr_line' id='line_1_33' title="bbox 271 2437 2259 2503; baseline 0.002 -19"><span class='ocrx_word' id='word_1_350' title='bbox 271 2437 333 2485; x_wconf 85' lang='lat' dir='ltr'>ita</span> <span class='ocrx_word' id='word_1_351' title='bbox 354 2453 517 2496; x_wconf 88' lang='lat' dir='ltr'>unum,</span> <span class='ocrx_word' id='word_1_352' title='bbox 550 2450 601 2485; x_wconf 93' lang='lat' dir='ltr'>ut</span> <span class='ocrx_word' id='word_1_353' title='bbox 618 2439 697 2484; x_wconf 91' lang='lat' dir='ltr'>vix</span> <span class='ocrx_word' id='word_1_354' title='bbox 717 2452 920 2503; x_wconf 88' lang='lat' dir='ltr'>appareat</span> <span class='ocrx_word' id='word_1_355' title='bbox 952 2440 1075 2503; x_wconf 87' lang='lat' dir='ltr'>quod</span> <span class='ocrx_word' id='word_1_356' title='bbox 1112 2440 1298 2502; x_wconf 83' lang='lat' dir='ltr'>cogitet,</span> <span class='ocrx_word' id='word_1_357' title='bbox 1335 2438 1406 2486; x_wconf 90' lang='lat' dir='ltr'>sed</span> <span class='ocrx_word' id='word_1_358' title='bbox 1431 2440 1557 2502; x_wconf 90' lang='lat' dir='ltr'>quod</span> <span class='ocrx_word' id='word_1_359' title='bbox 1581 2439 1720 2488; x_wconf 88' lang='lat' dir='ltr'>velit:</span> <span class='ocrx_word' id='word_1_360' title='bbox 1757 2439 1955 2493; x_wconf 83' lang='lat' dir='ltr'>similiter</span> <span class='ocrx_word' id='word_1_361' title='bbox 1987 2455 2117 2503; x_wconf 85' lang='lat' dir='ltr'>paene</span> <span class='ocrx_word' id='word_1_362' title='bbox 2151 2455 2259 2487; x_wconf 88' lang='lat' dir='ltr'>cum</span> 
     </span>
     <span class='ocr_line' id='line_1_34' title="bbox 266 2503 2262 2569; baseline 0.001 -17"><span class='ocrx_word' id='word_1_363' title='bbox 266 2503 501 2566; x_wconf 70' lang='lat' dir='ltr'>loquitur3</span> <span class='ocrx_word' id='word_1_364' title='bbox 526 2519 634 2551; x_wconf 89' lang='lat' dir='ltr'>cum</span> <span class='ocrx_word' id='word_1_365' title='bbox 653 2503 904 2552; x_wconf 85' lang='lat' dir='ltr'>differentia</span> <span class='ocrx_word' id='word_1_366' title='bbox 920 2518 1084 2563; x_wconf 85' lang='lat' dir='ltr'>tamen,</span> <span class='ocrx_word' id='word_1_367' title='bbox 1103 2506 1229 2569; x_wconf 91' lang='lat' dir='ltr'>quod</span> <span class='ocrx_word' id='word_1_368' title='bbox 1247 2521 1354 2552; x_wconf 91' lang='lat' dir='ltr'>cum</span> <span class='ocrx_word' id='word_1_369' title='bbox 1372 2506 1523 2568; x_wconf 91' lang='lat' dir='ltr'>aliquo</span> <span class='ocrx_word' id='word_1_370' title='bbox 1536 2507 1715 2563; x_wconf 87' lang='lat' dir='ltr'>timore,</span> <span class='ocrx_word' id='word_1_371' title='bbox 1741 2522 1794 2553; x_wconf 84' lang='lat' dir='ltr'>ne</span> <span class='ocrx_word' id='word_1_372' title='bbox 1811 2507 2004 2568; x_wconf 88' lang='lat' dir='ltr'>cogitata</span> <span class='ocrx_word' id='word_1_373' title='bbox 2021 2506 2262 2554; x_wconf 86' lang='lat' dir='ltr'>voluntatis</span> 
     </span>
     <span class='ocr_line' id='line_1_35' title="bbox 274 2568 2238 2635; baseline 0 -18"><span class='ocrx_word' id='word_1_374' title='bbox 274 2568 399 2617; x_wconf 90' lang='lat' dir='ltr'>nuda</span> <span class='ocrx_word' id='word_1_375' title='bbox 410 2581 586 2626; x_wconf 87' lang='lat' dir='ltr'>exeant,</span> <span class='ocrx_word' id='word_1_376' title='bbox 607 2571 822 2633; x_wconf 86' lang='lat' dir='ltr'>quoniam</span> <span class='ocrx_word' id='word_1_377' title='bbox 839 2571 887 2618; x_wconf 88' lang='lat' dir='ltr'>id</span> <span class='ocrx_word' id='word_1_378' title='bbox 899 2573 1033 2619; x_wconf 89' lang='lat' dir='ltr'>etiam</span> <span class='ocrx_word' id='word_1_379' title='bbox 1049 2572 1289 2619; x_wconf 89' lang='lat' dir='ltr'>voluntatis</span> <span class='ocrx_word' id='word_1_380' title='bbox 1304 2570 1395 2635; x_wconf 89' lang='lat' dir='ltr'>ejus</span> <span class='ocrx_word' id='word_1_381' title='bbox 1409 2570 1578 2618; x_wconf 70' lang='lat' dir='ltr'>factum</span> <span class='ocrx_word' id='word_1_382' title='bbox 1596 2573 1658 2619; x_wconf 91' lang='lat' dir='ltr'>est</span> <span class='ocrx_word' id='word_1_383' title='bbox 1673 2588 1730 2619; x_wconf 92' lang='lat' dir='ltr'>ex</span> <span class='ocrx_word' id='word_1_384' title='bbox 1742 2573 1863 2620; x_wconf 88' lang='lat' dir='ltr'>civili</span> <span class='ocrx_word' id='word_1_385' title='bbox 1881 2573 1971 2619; x_wconf 91' lang='lat' dir='ltr'>vita</span> <span class='ocrx_word' id='word_1_386' title='bbox 1988 2573 2032 2618; x_wconf 90' lang='lat' dir='ltr'>in</span> <span class='ocrx_word' id='word_1_387' title='bbox 2051 2572 2238 2619; x_wconf 88' lang='lat' dir='ltr'>mundo.</span> 
     </span>
    </p>

    <p class='ocr_par' dir='ltr' id='par_1_6' title="bbox 199 2637 2259 3304">
     <span class='ocr_line' id='line_1_36' title="bbox 343 2637 2258 2701; baseline 0.001 -19"><span class='ocrx_word' id='word_1_388' title='bbox 343 2650 454 2698; x_wconf 86' lang='lat'>504.</span> <span class='ocrx_word' id='word_1_389' title='bbox 490 2637 684 2693; x_wconf 87' lang='lat' dir='ltr'>Omnes,</span> <span class='ocrx_word' id='word_1_390' title='bbox 730 2649 1022 2701; x_wconf 89' lang='lat' dir='ltr'>quotcunque</span> <span class='ocrx_word' id='word_1_391' title='bbox 1062 2637 1161 2684; x_wconf 92' lang='lat' dir='ltr'>sunt</span> <span class='ocrx_word' id='word_1_392' title='bbox 1201 2639 1421 2695; x_wconf 81' lang='lat' dir='ltr'>homineS,</span> <span class='ocrx_word' id='word_1_393' title='bbox 1468 2637 1567 2700; x_wconf 85' lang='lat' dir='ltr'>post</span> <span class='ocrx_word' id='word_1_394' title='bbox 1614 2651 1809 2686; x_wconf 89' lang='lat' dir='ltr'>mortem</span> <span class='ocrx_word' id='word_1_395' title='bbox 1847 2639 1892 2685; x_wconf 90' lang='lat' dir='ltr'>in</span> <span class='ocrx_word' id='word_1_396' title='bbox 1932 2639 2059 2685; x_wconf 67' lang='lat' dir='ltr'>&#39;hunc</span> <span class='ocrx_word' id='word_1_397' title='bbox 2098 2637 2258 2685; x_wconf 88' lang='lat' dir='ltr'>statum</span> 
     </span>
     <span class='ocr_line' id='line_1_37' title="bbox 274 2700 2259 2768; baseline 0.002 -21"><span class='ocrx_word' id='word_1_398' title='bbox 274 2700 602 2759; x_wconf 78' lang='lat' dir='ltr'>imm-ittuntur,</span> <span class='ocrx_word' id='word_1_399' title='bbox 637 2702 743 2765; x_wconf 89' lang='lat' dir='ltr'>quia</span> <span class='ocrx_word' id='word_1_400' title='bbox 779 2703 851 2750; x_wconf 90' lang='lat' dir='ltr'>ille</span> <span class='ocrx_word' id='word_1_401' title='bbox 889 2703 951 2750; x_wconf 92' lang='lat' dir='ltr'>est</span> <span class='ocrx_word' id='word_1_402' title='bbox 990 2705 1197 2768; x_wconf 88' lang='lat' dir='ltr'>proprius</span> <span class='ocrx_word' id='word_1_403' title='bbox 1234 2703 1410 2767; x_wconf 80' lang='lat' dir='ltr'>spiritus</span> <span class='ocrx_word' id='word_1_404' title='bbox 1450 2720 1642 2759; x_wconf 90' lang='lat' dir='ltr'>eorum;</span> <span class='ocrx_word' id='word_1_405' title='bbox 1690 2706 1812 2768; x_wconf 88' lang='lat' dir='ltr'>prior</span> <span class='ocrx_word' id='word_1_406' title='bbox 1850 2704 1986 2751; x_wconf 88' lang='lat' dir='ltr'>status</span> <span class='ocrx_word' id='word_1_407' title='bbox 2020 2704 2083 2751; x_wconf 92' lang='lat' dir='ltr'>est</span> <span class='ocrx_word' id='word_1_408' title='bbox 2116 2703 2259 2767; x_wconf 91' lang='lat' dir='ltr'>qualis</span> 
     </span>
     <span class='ocr_line' id='line_1_38' title="bbox 277 2765 2253 2834; baseline 0.002 -22"><span class='ocrx_word' id='word_1_409' title='bbox 277 2765 419 2816; x_wconf 88' lang='lat' dir='ltr'>homo</span> <span class='ocrx_word' id='word_1_410' title='bbox 457 2769 586 2831; x_wconf 91' lang='lat' dir='ltr'>quod</span> <span class='ocrx_word' id='word_1_411' title='bbox 626 2767 833 2831; x_wconf 83' lang='lat' dir='ltr'>spiritum</span> <span class='ocrx_word' id='word_1_412' title='bbox 873 2767 962 2817; x_wconf 89' lang='lat' dir='ltr'>fuit</span> <span class='ocrx_word' id='word_1_413' title='bbox 999 2772 1044 2816; x_wconf 93' lang='lat' dir='ltr'>in</span> <span class='ocrx_word' id='word_1_414' title='bbox 1081 2769 1329 2826; x_wconf 87' lang='lat' dir='ltr'>consortiis,</span> <span class='ocrx_word' id='word_1_415' title='bbox 1377 2771 1457 2833; x_wconf 94' lang='lat' dir='ltr'>qui</span> <span class='ocrx_word' id='word_1_416' title='bbox 1496 2769 1629 2817; x_wconf 89' lang='lat' dir='ltr'>status</span> <span class='ocrx_word' id='word_1_417' title='bbox 1670 2787 1760 2818; x_wconf 89' lang='lat' dir='ltr'>non</span> <span class='ocrx_word' id='word_1_418' title='bbox 1799 2769 1863 2818; x_wconf 90' lang='lat' dir='ltr'>est</span> <span class='ocrx_word' id='word_1_419' title='bbox 1895 2771 2099 2834; x_wconf 88' lang='lat' dir='ltr'>proprius</span> <span class='ocrx_word' id='word_1_420' title='bbox 2131 2766 2253 2830; x_wconf 87' lang='lat' dir='ltr'>ejus:</span> 
     </span>
     <span class='ocr_line' id='line_1_39' title="bbox 199 2833 2255 2900; baseline 0.001 -22"><span class='ocrx_word' id='word_1_421' title='bbox 199 2876 202 2878; x_wconf 80' lang='grc'>.</span> <span class='ocrx_word' id='word_1_422' title='bbox 275 2834 401 2894; x_wconf 90' lang='lat' dir='ltr'>quod</span> <span class='ocrx_word' id='word_1_423' title='bbox 441 2835 513 2881; x_wconf 91' lang='lat' dir='ltr'>hic</span> <span class='ocrx_word' id='word_1_424' title='bbox 552 2834 704 2891; x_wconf 87' lang='lat' dir='ltr'>status,</span> <span class='ocrx_word' id='word_1_425' title='bbox 741 2833 812 2881; x_wconf 86' lang='lat' dir='ltr'>seu</span> <span class='ocrx_word' id='word_1_426' title='bbox 849 2835 983 2883; x_wconf 87' lang='lat' dir='ltr'>status</span> <span class='ocrx_word' id='word_1_427' title='bbox 1022 2838 1315 2892; x_wconf 88' lang='lat' dir='ltr'>exteriorum,</span> <span class='ocrx_word' id='word_1_428' title='bbox 1351 2837 1396 2882; x_wconf 90' lang='lat' dir='ltr'>in</span> <span class='ocrx_word' id='word_1_429' title='bbox 1421 2852 1515 2899; x_wconf 92' lang='lat' dir='ltr'>quo</span> <span class='ocrx_word' id='word_1_430' title='bbox 1539 2837 1678 2884; x_wconf 90' lang='lat' dir='ltr'>homo</span> <span class='ocrx_word' id='word_1_431' title='bbox 1702 2838 1904 2900; x_wconf 90' lang='lat' dir='ltr'>primum</span> <span class='ocrx_word' id='word_1_432' title='bbox 1929 2836 1997 2899; x_wconf 61' lang='lat' dir='ltr'>est&gt;</span> <span class='ocrx_word' id='word_1_433' title='bbox 2012 2833 2107 2898; x_wconf 88' lang='lat' dir='ltr'>post</span> <span class='ocrx_word' id='word_1_434' title='bbox 2134 2850 2255 2881; x_wconf 90' lang='lat' dir='ltr'>mor-</span> 
     </span>
     <span class='ocr_line' id='line_1_40' title="bbox 277 2892 2256 2966; baseline 0.003 -23"><span class='ocrx_word' id='word_1_435' title='bbox 277 2908 390 2953; x_wconf 89' lang='lat' dir='ltr'>tem,</span> <span class='ocrx_word' id='word_1_436' title='bbox 415 2899 470 2946; x_wconf 87' lang='lat' dir='ltr'>de</span> <span class='ocrx_word' id='word_1_437' title='bbox 490 2892 584 2962; x_wconf 83' lang='lat' dir='ltr'>quo</span> <span class='ocrx_word' id='word_1_438' title='bbox 606 2901 652 2947; x_wconf 92' lang='lat' dir='ltr'>in</span> <span class='ocrx_word' id='word_1_439' title='bbox 676 2902 956 2962; x_wconf 88' lang='lat' dir='ltr'>praecedente</span> <span class='ocrx_word' id='word_1_440' title='bbox 980 2902 1191 2950; x_wconf 88' lang='lat' dir='ltr'>Articulo</span> <span class='ocrx_word' id='word_1_441' title='bbox 1209 2903 1358 2949; x_wconf 59' lang='lat' dir='ltr'>affitum</span> <span class='ocrx_word' id='word_1_442' title='bbox 1377 2902 1456 2959; x_wconf 89' lang='lat' dir='ltr'>est,</span> <span class='ocrx_word' id='word_1_443' title='bbox 1493 2919 1583 2950; x_wconf 86' lang='lat' dir='ltr'>non</span> <span class='ocrx_word' id='word_1_444' title='bbox 1607 2902 1660 2949; x_wconf 88' lang='lat' dir='ltr'>fit</span> <span class='ocrx_word' id='word_1_445' title='bbox 1685 2903 1894 2966; x_wconf 90' lang='lat' dir='ltr'>proprius</span> <span class='ocrx_word' id='word_1_446' title='bbox 1916 2899 2027 2964; x_wconf 67' lang='lat' dir='ltr'>ejus»,</span> <span class='ocrx_word' id='word_1_447' title='bbox 2060 2899 2256 2949; x_wconf 88' lang='lat' dir='ltr'>constare</span> 
     </span>
     <span class='ocr_line' id='line_1_41' title="bbox 277 2962 2256 3031; baseline 0.001 -21"><span class='ocrx_word' id='word_1_448' title='bbox 277 2962 482 3026; x_wconf 82' lang='lat' dir='ltr'>potesta</span> <span class='ocrx_word' id='word_1_449' title='bbox 515 2965 748 3026; x_wconf 73' lang='lat' dir='ltr'>pluribus,</span> <span class='ocrx_word' id='word_1_450' title='bbox 785 2980 837 3013; x_wconf 89' lang='lat' dir='ltr'>ut</span> <span class='ocrx_word' id='word_1_451' title='bbox 871 2983 929 3014; x_wconf 87' lang='lat' dir='ltr'>ex</span> <span class='ocrx_word' id='word_1_452' title='bbox 964 2984 1036 3024; x_wconf 90' lang='lat' dir='ltr'>eo,</span> <span class='ocrx_word' id='word_1_453' title='bbox 1071 2968 1196 3030; x_wconf 91' lang='lat' dir='ltr'>quod</span> <span class='ocrx_word' id='word_1_454' title='bbox 1221 2969 1412 3030; x_wconf 90' lang='lat' dir='ltr'>Spiritus</span> <span class='ocrx_word' id='word_1_455' title='bbox 1454 2985 1543 3015; x_wconf 90' lang='lat' dir='ltr'>non</span> <span class='ocrx_word' id='word_1_456' title='bbox 1583 2970 1724 3016; x_wconf 91' lang='lat' dir='ltr'>modo</span> <span class='ocrx_word' id='word_1_457' title='bbox 1762 2969 1976 3031; x_wconf 87' lang='lat' dir='ltr'>cogitent,</span> <span class='ocrx_word' id='word_1_458' title='bbox 2014 2964 2085 3011; x_wconf 76' lang='lat' dir='ltr'>sed</span> <span class='ocrx_word' id='word_1_459' title='bbox 2121 2967 2256 3013; x_wconf 91' lang='lat' dir='ltr'>etiam</span> 
     </span>
     <span class='ocr_line' id='line_1_42' title="bbox 278 3030 2255 3096; baseline 0.002 -21"><span class='ocrx_word' id='word_1_460' title='bbox 278 3030 519 3092; x_wconf 88' lang='lat' dir='ltr'>loquantur</span> <span class='ocrx_word' id='word_1_461' title='bbox 542 3045 599 3076; x_wconf 84' lang='lat' dir='ltr'>ex</span> <span class='ocrx_word' id='word_1_462' title='bbox 620 3030 693 3077; x_wconf 91' lang='lat' dir='ltr'>sua</span> <span class='ocrx_word' id='word_1_463' title='bbox 713 3031 963 3090; x_wconf 60' lang='lat' dir='ltr'>affectione,</span> <span class='ocrx_word' id='word_1_464' title='bbox 1002 3049 1104 3080; x_wconf 90' lang='lat' dir='ltr'>nam</span> <span class='ocrx_word' id='word_1_465' title='bbox 1120 3033 1305 3096; x_wconf 35' lang='lat' dir='ltr'>‚loquela</span> <span class='ocrx_word' id='word_1_466' title='bbox 1328 3033 1510 3081; x_wconf 84' lang='lat' dir='ltr'>illorum</span> <span class='ocrx_word' id='word_1_467' title='bbox 1533 3033 1596 3080; x_wconf 90' lang='lat' dir='ltr'>est</span> <span class='ocrx_word' id='word_1_468' title='bbox 1619 3051 1674 3081; x_wconf 88' lang='lat' dir='ltr'>ex</span> <span class='ocrx_word' id='word_1_469' title='bbox 1697 3035 1786 3091; x_wconf 86' lang='lat' dir='ltr'>illa,</span> <span class='ocrx_word' id='word_1_470' title='bbox 1822 3045 1873 3079; x_wconf 92' lang='lat' dir='ltr'>ut</span> <span class='ocrx_word' id='word_1_471' title='bbox 1893 3030 2088 3077; x_wconf 87' lang='lat' dir='ltr'>constare</span> <span class='ocrx_word' id='word_1_472' title='bbox 2111 3032 2255 3094; x_wconf 90' lang='lat' dir='ltr'>potest</span> 
     </span>
     <span class='ocr_line' id='line_1_43' title="bbox 278 3096 2255 3162; baseline 0.006 -22"><span class='ocrx_word' id='word_1_473' title='bbox 278 3111 335 3142; x_wconf 86' lang='lat' dir='ltr'>ex</span> <span class='ocrx_word' id='word_1_474' title='bbox 378 3096 430 3141; x_wconf 88' lang='lat' dir='ltr'>iis</span> <span class='ocrx_word' id='word_1_475' title='bbox 469 3110 576 3158; x_wconf 84' lang='lat' dir='ltr'>quae</span> <span class='ocrx_word' id='word_1_476' title='bbox 615 3096 660 3142; x_wconf 88' lang='lat' dir='ltr'>in</span> <span class='ocrx_word' id='word_1_477' title='bbox 697 3097 907 3144; x_wconf 89' lang='lat' dir='ltr'>Articulo</span> <span class='ocrx_word' id='word_1_478' title='bbox 945 3099 1001 3145; x_wconf 92' lang='lat' dir='ltr'>de</span> <span class='ocrx_word' id='word_1_479' title='bbox 1037 3099 1242 3161; x_wconf 88' lang='lat' dir='ltr'>Loquela</span> <span class='ocrx_word' id='word_1_480' title='bbox 1283 3100 1566 3162; x_wconf 87' lang='lat' dir='ltr'>Angelorum</span> <span class='ocrx_word' id='word_1_481' title='bbox 1605 3117 1671 3148; x_wconf 93' lang='lat' dir='ltr'>n:</span> <span class='ocrx_word' id='word_1_482' title='bbox 1701 3115 1793 3162; x_wconf 86' lang='lat'>234</span> <span class='ocrx_word' id='word_1_483' title='bbox 1825 3097 1881 3143; x_wconf 76' lang='lat' dir='ltr'>ad</span> <span class='ocrx_word' id='word_1_484' title='bbox 1910 3113 2020 3159; x_wconf 74' lang='lat'>245,</span> <span class='ocrx_word' id='word_1_485' title='bbox 2055 3096 2173 3144; x_wconf 65' lang='grc' dir='ltr'>(ἱὶἂᾶ</span> <span class='ocrx_word' id='word_1_486' title='bbox 2205 3098 2255 3144; x_wconf 85' lang='lat'>&amp;</span> 
     </span>
     <span class='ocr_line' id='line_1_44' title="bbox 279 3160 2255 3228; baseline 0.002 -20"><span class='ocrx_word' id='word_1_487' title='bbox 279 3160 447 3209; x_wconf 87' lang='lat' dir='ltr'>ostensa</span> <span class='ocrx_word' id='word_1_488' title='bbox 469 3163 603 3216; x_wconf 88' lang='lat' dir='ltr'>sunt;</span> <span class='ocrx_word' id='word_1_489' title='bbox 639 3161 837 3209; x_wconf 79' lang='lat' dir='ltr'>similiter</span> <span class='ocrx_word' id='word_1_490' title='bbox 875 3165 1007 3211; x_wconf 89' lang='lat' dir='ltr'>etiam</span> <span class='ocrx_word' id='word_1_491' title='bbox 1048 3165 1188 3213; x_wconf 90' lang='lat' dir='ltr'>homo</span> <span class='ocrx_word' id='word_1_492' title='bbox 1219 3166 1447 3228; x_wconf 25' lang='lat' dir='ltr'>,cogitavit</span> <span class='ocrx_word' id='word_1_493' title='bbox 1481 3168 1527 3213; x_wconf 90' lang='lat' dir='ltr'>in</span> <span class='ocrx_word' id='word_1_494' title='bbox 1567 3165 1754 3218; x_wconf 88' lang='lat' dir='ltr'>mundo,</span> <span class='ocrx_word' id='word_1_495' title='bbox 1790 3179 1896 3209; x_wconf 91' lang='lat' dir='ltr'>cum</span> <span class='ocrx_word' id='word_1_496' title='bbox 1921 3163 2034 3210; x_wconf 88' lang='lat' dir='ltr'>intra</span> <span class='ocrx_word' id='word_1_497' title='bbox 2057 3163 2114 3219; x_wconf 91' lang='lat' dir='ltr'>se,</span> <span class='ocrx_word' id='word_1_498' title='bbox 2151 3179 2255 3211; x_wconf 87' lang='lat' dir='ltr'>nam</span> 
     </span>
     <span class='ocr_line' id='line_1_45' title="bbox 280 3227 2258 3304; baseline 0.001 -30"><span class='ocrx_word' id='word_1_499' title='bbox 280 3238 389 3276; x_wconf 84' lang='lat' dir='ltr'>tunc</span> <span class='ocrx_word' id='word_1_500' title='bbox 410 3243 502 3283; x_wconf 87' lang='lat' dir='ltr'>non</span> <span class='ocrx_word' id='word_1_501' title='bbox 525 3227 743 3291; x_wconf 86' lang='lat' dir='ltr'>cogitavit</span> <span class='ocrx_word' id='word_1_502' title='bbox 763 3243 820 3277; x_wconf 89' lang='lat' dir='ltr'>ex</span> <span class='ocrx_word' id='word_1_503' title='bbox 842 3228 1021 3292; x_wconf 85' lang='lat' dir='ltr'>loquela</span> <span class='ocrx_word' id='word_1_504' title='bbox 1041 3230 1105 3280; x_wconf 84' lang='lat' dir='ltr'>sui</span> <span class='ocrx_word' id='word_1_505' title='bbox 1128 3234 1348 3297; x_wconf 76' lang='lat' dir='ltr'>corporiS,</span> <span class='ocrx_word' id='word_1_506' title='bbox 1381 3231 1453 3280; x_wconf 87' lang='lat' dir='ltr'>sed</span> <span class='ocrx_word' id='word_1_507' title='bbox 1476 3231 1618 3282; x_wconf 85' lang='lat' dir='ltr'>modo</span> <span class='ocrx_word' id='word_1_508' title='bbox 1638 3229 1753 3277; x_wconf 86' lang='lat' dir='ltr'>vidit</span> <span class='ocrx_word' id='word_1_509' title='bbox 1778 3229 1866 3288; x_wconf 80' lang='lat' dir='ltr'>illa,</span> <span class='ocrx_word' id='word_1_510' title='bbox 1900 3244 1950 3277; x_wconf 89' lang='lat' dir='ltr'>ac</span> <span class='ocrx_word' id='word_1_511' title='bbox 1974 3227 2105 3278; x_wconf 70' lang='lat' dir='ltr'>simul</span> <span class='ocrx_word' id='word_1_512' title='bbox 2127 3228 2258 3304; x_wconf 78' lang='lat' dir='ltr'>plura</span> 
     </span>
    </p>

    <p class='ocr_par' dir='ltr' id='par_1_7' title="bbox 2146 3305 2260 3342">
     <span class='ocr_line' id='line_1_46' title="bbox 2146 3305 2260 3342; baseline 0.009 -2"><span class='ocrx_word' id='word_1_513' title='bbox 2146 3305 2260 3342; x_wconf 71' lang='lat' dir='ltr'>Intra</span> 
     </span>
    </p>
   </div>
  </div>
 </body>
</html>
