2546 3786
316 215 450 351 178
639 248 2022 358 DBCOELOETINFERNQ

315 402 350 427 “
371 392 512 459 'super
530 395 613 442 illis
630 394 852 450 homines,
873 410 933 441 ex
944 394 1109 458 quibus
1127 395 1347 459 Regnum
1361 394 1570 442 Coeleste.
1614 395 1689 443 Ex
1714 394 1783 442 his
1805 393 2028 441 rationalis
2051 392 2192 442 homo
2215 411 2312 444 nors

314 468 352 492 ‘⁴
386 464 510 510 aliter
526 462 722 523 cogitare
739 460 900 523 potest,
923 475 1060 523 quarn
1076 456 1202 523 quod
1225 474 1319 507 tam
1335 460 1613 510 immensum
1634 461 1845 508 Medium
1871 460 1927 507 ad
1949 471 2124 506 tantum
2149 459 2310 519 finem,

278 531 284 534 ’
319 535 355 558 “
388 545 481 575 non
517 525 686 575 fastum
725 528 778 572 sit
817 542 902 589 pro
927 527 1152 573 Humano
1187 541 1348 588 genere
1383 540 1441 574 ex
1477 533 1567 573 una
1588 521 1805 583 Tellure,
1842 526 1955 590 quid
1980 526 2066 580 hoc
2087 526 2200 573 foret
2225 537 2331 590 prov

320 599 363 625 “
390 594 583 649 Divino,
619 583 743 655 quod
769 592 1049 647 Infinitum,
1065 591 1139 639 cui
1162 607 1322 655 parurn
1348 592 1396 639 &
1421 592 1500 639 vix
1522 589 1692 655 aliquid
1714 594 1849 640 effent
1873 591 2030 647 millia,
2071 593 2167 639 imo
2207 607 2308 655 my-

320 665 357 690 “
391 658 531 707 riades
552 659 814 714 Tellurum,
848 658 897 704 ὅτ
921 674 1080 706 omnes
1104 657 1252 722 plenae
1275 657 1446 713 incolis.
1517 658 1634 704 Sunt
1654 658 1866 721 Spiritus,
1898 674 2093 722 quorum
2120 659 2311 704 unicum

320 732 359 756 “
394 725 593 772 studium
639 723 702 771 est
747 724 827 770 fibi
872 724 1097 787 acquirere
1143 725 1441 785 cognitiones,
1487 726 1594 795 quia
1633 723 1718 770 iliis
1754 723 1852 785 solis
1888 725 2176 780 delectantur,
2226 724 2312 771 illis

323 798 360 823 ‘⁴
397 791 637 866 Spiritibus
673 790 775 837 ideo
811 789 916 837 licet
953 791 1299 866 circumvagari,
1337 790 1386 838 &
1411 804 1594 857 quoque
1626 802 1749 837 extra
1785 783 1920 865 hujus
1943 791 2057 837 Solis
2085 790 2314 838 mundum

325 862 361 888 ‘⁴
395 853 572 904 transire
611 858 657 903 in
697 857 822 913 alios,
864 872 915 904 ac
953 854 1035 903 fibi
1074 858 1357 920 cognitiones
1393 871 1675 920 comparare·
1725 856 1772 902 hi
1807 853 2032 917 dixerunt,
2069 857 2194 920 quod
2220 873 2313 903 non

325 929 360 954 “
394 921 540 970 solum
584 922 668 969 s1nt
703 922 926 980 Tellures,
973 920 1108 986 super
1142 923 1307 986 quibus
1346 922 1567 980 homines,
1614 923 1660 970 in
1698 922 1784 970 hoc
1817 922 1958 969 Solari
1992 922 2195 980 Mundo,
2241 922 2314 969 sed

327 994 362 1020 “
395 990 529 1036 etia‘rn
569 1001 694 1036 extra
732 1004 859 1045 eum,
895 990 940 1035 in
963 989 1103 1035 Coelo
1127 987 1363 1046 Astrifero,
1404 988 1625 1036 immenso
1664 1003 1886 1035 numero:
1935 987 1981 1034 hi
2005 989 2191 1051 Spiritus
2215 990 2316 1036 sunt

327 1061 361 1086 ‘¹‘
396 1070 452 1102 ex
477 1055 658 1102 Planeta
682 1055 918 1102 Mercurii.
988 1054 1200 1102 Calculus
1239 1056 1375 1102 initus
1403 1054 1492 1111 est,
1533 1054 1565 1101 s1
1589 1052 1736 1102 forent
1765 1069 2007 1111 1000,000
2031 1054 2237 1102 Tellures
2270 1058 2317 1101 in

322 1127 363 1152 '⁴‘
399 1120 642 1178 Universo,
678 1121 726 1168 δε
751 1122 797 1167 in
820 1121 1064 1183 unaquavis
1080 1120 1265 1168 Tellure
1290 1120 1495 1168 homines
1516 1135 1709 1168 vnumero
1734 1135 2086 1196 300,000‚000,
2126 1119 2196 1166 seu
2223 1136 2320 1184 300

331 1192 369 1217 “
405 1187 655 1242 Milliones,
691 1188 741 1233 δε
768 1203 863 1235 200
887 1186 1205 1233 Generationes
1239 1187 1354 1234 intra
1378 1187 1508 1235 6000
1533 1188 1713 1243 Annos,
1755 1188 1802 1234 &
1837 1187 1998 1250 cuique
2036 1185 2210 1232 homini
2223 1139 2317 1234 3seu

331 1259 367 1284 ‘⁴
403 1254 574 1316 spiritui
596 1253 777 1299 daretur
799 1251 989 1315 spatium
1016 1269 1042 1316 3
1067 1252 1276 1300 ulnarum
1299 1252 1577 1310 cubicarum‚
1602 1252 1727 1316 quod
1752 1268 1965 1300 numerus
1989 1263 2058 1299 tot
2080 1251 2319 1300 hominum

332 1326 368 1349 “
402 1321 474 1367 seu
513 1318 752 1382 spirituum
789 1318 835 1364 in
875 1333 1012 1365 unam
1055 1317 1280 1366 summam
1320 1319 1533 1366 collectus
1574 1334 1666 1366 non
1700 1321 1840 1395 usque
1877 1318 2090 1382 impleret
2130 1318 2320 1382 spatium

333 1387 386 1415 “
403 1383 535 1448 hujus
560 1384 745 1440 telluris,
786 1399 836 1431 ac
858 1385 939 1430 vix
962 1377 1079 1432 ultra
1106 1383 1298 1448 spatium
1332 1385 1464 1432 unius
1501 1384 1692 1432 satellitis
1728 1386 1902 1432 circum
1925 1385 2149 1442 Planetas,
2196 1384 2328 1448 quod·

332 1458 368 1480 ‘⁶
402 1450 518 1498 foret
541 1449 769 1514 spatium
757 1466 805 1497 in
828 1450 1035 1506 universo
1056 1452 1285 1515 parvitatis
1309 1466 1438 1515 paene
1462 1451 1781 1514 inconspicuae,
1825 1452 1927 1510 nJarn
1953 1451 2133 1498 Satelles
2171 1466 2325 1498 coram

333 1522 369 1546 “
405 1518 531 1565 nudo
553 1516 690 1565 oculo
697 1531 834 1579 aegre
857 1529 1065 1580 apparet.
1107 1517 1221 1581 quid
1244 1519 1331 1565 hoc
1354 1533 1439 1582 pro
1461 1519 1671 1565 Creatore
1699 1517 1925 1572 Univerfi,
1974 1518 2062 1564 Cui
2097 1533 2189 1565 non
2227 1515 2334 1565 satis

333 1589 369 1612 “
402 1583 522 1640 effet,
563 1583 595 1630 fi
635 1594 786 1630 totum
827 1581 1106 1635 Universum
1144 1581 1262 1631 foret
1301 1584 1568 1647 impletum,
1602 1582 1666 1630 est
1699 1585 1820 1630 enim
1859 1583 2083 1631 Infinitus.
2157 1585 2231 1631 De
2256 1583 2333 1631 his

334 1655 368 1679 “
402 1665 510 1698 cum
537 1649 728 1711 Angelis
765 1647 983 1712 loquutus
1028 1648 1146 1705 sum,
1182 1650 1263 1712 qui
1302 1650 1530 1706 dixerunt,
1577 1649 1704 1712 quod
1741 1649 1806 1695 illi
1833 1638 2036 1696 similem
2079 1649 2226 1696 ideam
2265 1650 2330 1698 de

334 1722 370 1745 ‘⁴
401 1716 622 1779 paucitate
644 1715 832 1762 Generis
871 1714 1056 1762 humani
1095 1714 1334 1778 respestive
1371 1716 1426 1762 ad
1446 1714 1739 1763 infinitatem
1763 1705 1986 1762 Creatoris
2010 1714 2213 1770 habeant,
2250 1714 2326 1762 sed

333 1787 371 1810 0‘
407 1781 544 1844 usque
567 1780 693 1844 quod
717 1780 782 1827 illi
806 1796 895 1827 non
917 1796 974 1827 ex
996 1779 1161 1843 spatiis,
1196 1780 1268 1828 sed
1293 1794 1349 1828 ex
1371 1781 1552 1827 flatibus
1575 1781 1794 1843 cogitent,
1832 1781 1882 1828 ὅτ
1916 1780 2043 1844 quod
2078 1779 2329 1828 secundum·

331 1853 370 1877 ‘⁴
404 1863 562 1895 eorum
581 1847 725 1893 ideam
743 1845 950 1893 Tellures
974 1861 1165 1894 numero
1187 1858 1257 1894 tot
1281 1846 1557 1908 myriadum,
1582 1858 1697 1909 quot
1713 1845 1900 1909 usquam
1921 1847 2111 1908 cogitari
2134 1847 2330 1909 possent,

333 1919 371 1941 “
406 1912 543 1977 usque
567 1911 745 1975 prorsus
770 1911 877 1959 nihil
902 1912 1048 1960 forent
1070 1911 1128 1958 ad
1153 1914 1427 1970 Dominum.
1433 1913 1463 1932 ’'
1530 1913 1604 1959 De
1628 1911 1888 1959 Telluribus
1922 1911 1969 1959 in
1994 1911 2235 1969 Universo,
2276 1914 2327 1960 δε

334 1979 392 2027 de
414 1994 567 2027 earum
592 1977 755 2026 Incolis
779 1977 828 2025 δί
852 1977 959 2025 inde
983 1977 1223 2043 Spiritibus
1245 1980 1293 2027 δι
1317 1968 1533 2043 Angelis,
1567 1978 1774 2025 videatur
1813 1979 1859 2025 in
1899 1976 2151 2042 supradifiio
2174 1977 2336 2042 Opus-

333 2046 473 2094 culo:
517 2045 607 2101 illa,
644 2060 752 2110 quae
787 2043 849 2091 ibi
886 2038 1004 2102 sunt,
1043 2044 1156 2092 mihi
1188 2044 1377 2093 revelata
1398 2047 1447 2092 ὅτ
1471 2042 1639 2092 ostensa
1669 2044 1786 2102 sunt,
1827 2043 1890 2092 ob
1912 2044 2050 2091 finem
2075 2056 2128 2090 ut
2150 2044 2332 2102 sciatur,

336 2113 463 2176 quod
489 2112 674 2158 Coelum
698 2111 888 2158 Domini
912 2109 1186 2158 immensum
1210 2110 1282 2166 fit,
1319 2112 1368 2158 δε
1391 2109 1519 2173 quod
1542 2117 1692 2158 t0tum
1716 2110 1769 2157 fit
1790 2125 1846 2156 ex
1872 2112 2093 2157 Humano
2115 2110 2319 2177 Genere·
2308 2132 2338 2166 3,

335 2186 437 2226 tum
459 2177 585 2241 quod
608 2178 839 2224 Dominus
862 2175 1007 2223 noster
1030 2176 1189 2223 ubivis
1200 2175 1465 2240 agnoscatur
1488 2192 1572 2241 pro
1591 2177 1695 2223 Deo
1719 2176 1842 2223 Coeli
1866 2177 1914 2223 ὅτ
1937 2170 2111 2222 Terrae.

403 2246 516 2305 418.
554 2242 699 2307 Qod
722 2242 911 2289 Coelum
936 2243 1130 2290 Domini
1153 2242 1426 2290 immensum
1449 2242 1519 2300 sit,
1555 2245 1689 2289 etiam
1733 2239 1932 2289 constare
1973 2241 2119 2305 potest
2158 2257 2213 2288 ex
2253 2257 2335 2298 e0,.

337 2311 462 2374 quod
489 2309 717 2358 Coelum
706 2325 751 2355 m
776 2320 875 2356 toto
908 2308 1152 2372 complexu
1177 2307 1334 2356 referat
1356 2309 1522 2356 Unum
1546 2308 1822 2364 Hominem,
1853 2308 1902 2355 ὅτ
1939 2323 2124 2370 quoque
2163 2309 2327 2355 Corre-

336 2375 549 2440 spondeat
572 2375 783 2423 omnibus
807 2375 855 2422 ὅτ
882 2375 1065 2438 singulis
1088 2375 1208 2439 apud
1227 2375 1478 2433 hominem,
1501 2375 1551 2422 &
1569 2375 1696 2438 quod
1718 2375 1792 2421 illa
1808 2374 2211 2438 Correspondentia
2228 2372 2329 2421 nus·
2399 2421 2408 2429 „

335 2459 474 2506 quam
510 2441 686 2507 impleri
717 2443 865 2505 poffit,
907 2442 1124 2504 quoniam
1162 2457 1252 2504 non
1293 2441 1436 2489 modo
1458 2440 1862 2504 Correspondentia
1896 2440 1957 2488 est
1998 2455 2105 2488 cum
2143 2440 2332 2503 lingulis

336 2508 582 2562 Membris
618 2509 830 2570 Organis,
867 2507 916 2555 ὅτ
939 2506 1194 2557 Visceribus
1215 2509 1414 2584 corporis
1439 2508 1484 2555 in
1509 2506 1701 2570 Genere,
1737 2507 1808 2554 sed
1842 2508 1976 2554 etiam
2007 2508 2053 2553 in
2078 2506 2327 2582 particulari

335 2577 386 2622 ὅτ
422 2573 631 2636 singulari
669 2589 776 2619 cum
816 2573 1030 2621 omnibus
1068 2573 1119 2621 &
1155 2573 1341 2638 singulis
1366 2567 1599 2623 viscerulis
1612 2573 1662 2622 &
1686 2573 1931 2637 organulis,
1967 2588 2073 2648 quae
2097 2575 2209 2619 intra
2232 2571 2330 2627 illa,

337 2643 436 2688 imo
458 2655 565 2686 cum
591 2638 775 2715 singulis
800 2638 982 2687 vasis&
1009 2639 1164 2696 fibris·,
1200 2642 1249 2688 δε
1273 2655 1363 2688 non
1389 2640 1532 2687 modo
1560 2655 1666 2686 cum
1699 2640 1801 2695 illis,
1837 2639 1909 2686 sed
1935 2641 2067 2686 etiam
2092 2653 2199 2685 cum
2223 2637 2322 2686 sub—

337 2701 506 2754 stantiis
529 2708 768 2782 organicis,
804 2721 909 2768 quae
934 2704 1116 2754 interius
1141 2708 1362 2770 recipiunt
1386 2707 1612 2753 influxum
1634 2705 1776 2764 Coeli,
1812 2706 1933 2752 unde
1963 2705 2135 2753 homini
2169 2703 2341 2749 affivi-

339 2785 448 2820 tates
471 2773 696 2819 interiores
718 2770 998 2820 inser-vientes
1022 2769 1116 2836 ejus
1140 2774 1276 2820 animi
1298 2768 1666 2835 operationibus3
1705 2788 1807 2818 nam
1831 2771 2049 2835 quicquid
2073 2772 2255 2817 interius
2280 2772 2329 2816 in

339 2839 524 2886 homine
559 2837 723 2894 existit,
759 2839 805 2884 in
840 2836 999 2885 formis
1038 2852 1144 2901 quae
1183 2837 1284 2887 sunt
1321 2839 1590 2896 substantiae,
1627 2837 1790 2894 ex'istit,
1826 2838 1953 2901 quod
1990 2837 2111 2892 enim
2153 2851 2241 2881 non
2279 2837 2334 2882 in

337 2902 586 2950 fiibstantiis
618 2914 672 2950 ut
706 2903 911 2966 subjectis
943 2903 1120 2966 existit,
1145 2905 1254 2952 nihil
1287 2904 1381 2952 est:
1417 2906 1628 2952 omnium
1653 2904 1814 2951 horum
1841 2899 2239 2965 Correspondentia
2264 2902 2329 2955 est

340 2985 449 3016 eum
474 2968 640 3024 Coelo,
662 2982 713 3015 ut
747 2968 943 3016 constare
981 2961 1128 3032 potest
1163 2984 1223 3018 ex
1243 2964 1476 3028 Articulo,
1513 2971 1588 3017 ubi
1611 2971 1666 3017 de
1690 2967 2090 3040 Correspondentia
2114 2968 2324 3016 omnium

339 3035 471 3094 coeli
488 3048 593 3080 curn
618 3034 831 3081 omnibus
854 3035 1049 3082 hominis
1074 3051 1139 3083 n:
1168 3040 1229 3101 87
1266 3036 1322 3083 ad
1353 3053 1459 3093 102,
1493 3037 1644 3082 aetum
1669 3036 1766 3084 est·
1798 3037 1895 3091 haec
1919 3033 2009 3079 Coi
2015 3031 2333 3096 reipondentia.

338 3100 558 3165 nusquam
585 3100 760 3162 impleri
782 3100 945 3163 potest,
980 3102 1085 3165 quia
1107 3117 1201 3165 quo
1222 3102 1369 3166 plures
1392 3094 1736 3151 consociationes
1757 3087 1972 3162 angelicae
1997 3101 2094 3146 sunt
2118 3106 2223 3162 quae
2249 3101 2328 3146 uni

342 3167 559 3216 Membro
577 3165 937 3229 correspondent,
963 3183 1017 3214 eo
1040 3166 1277 3231 perfectius
1301 3168 1354 3215 fit
1377 3169 1585 3225 coelum,
1621 3158 1778 3214 c'rcsdit
1795 3167 1912 3211 enim
1940 3167 2087 3213 omnis
2111 3164 2341 3228 perfefflo

339 3228 553 3282 &reeens
584 3231 830 3281 seeundum
869 3233 1198 3295 pluralitatem:
1233 3235 1368 3284 causa
1382 3235 1508 3318 quod
1533 3220 1779 3300 perfefflo‘
1769 3248 1813 3279 m
1840 3231 1943 3310 coeii
1949 3249 1966 3278 s
1990 3231 2150 3280 crescat
2173 3232 2331 3280 secun·

857 3317 900 3362 3·
2138 3358 2141 3361 ,
2208 3297 2332 3342 dim
