2546 3786
310 244 436 338 ηρ
615 210 1160 310 moena-o
1229 259 1330 304 ET
1387 234 1963 319 INFEtRNo‘.

300 386 392 418 non
410 370 576 417 cadunt
598 371 642 417 in
666 368 808 415 visum
833 383 990 414 eorum
1003 370 1056 425 (u
1059 370 1100 424 )2
1167 368 1325 428 Qam
1348 368 1549 415 maxime
1569 378 1751 414 cavetur
1773 382 1799 413 a
1822 366 2044 424 Domino,
2082 367 2139 416 ne
2156 369 2262 434 spi-

298 437 410 482 ritus
434 435 569 482 sciant
591 435 714 496 quod
747 433 867 496 apud
892 433 1122 479 hominem
1155 431 1272 486 firit;
1322 432 1500 488 fienim
1523 433 1697 486 scirent,
1733 432 2019 493 loquerentur
2041 448 2147 480 cum
2171 436 2268 491 illo,

297 501 349 546 &
383 514 492 547 tunc
529 501 720 561 Spiritus
755 498 859 544 mali
893 497 1021 543 ilium
1054 496 1304 559 perderent,
1355 512 1459 543 nam
1507 497 1614 544 mali
1651 498 1858 559 SpiritUS‚
1905 499 2007 560 quia
2042 496 2268 560 conjuncti

298 564 402 612 sunt
426 581 532 612 cum
556 562 752 618 inferno,
788 562 897 608 nihil
931 562 1032 624 plus
1061 561 1272 622 cupiunt,
1313 576 1453 624 quam
1487 561 1672 623 perdere
1711 561 1960 618 hominem,
2001 578 2094 609 non
2125 563 2270 611 solum

298 630 450 691 quoad
474 630 686 683 animam,
723 627 811 674 hoc
827 627 908 682 est,
943 626 1091 688 quoad
1118 626 1256 672 fidem
1293 626 1341 672 δι
1377 640 1598 681 amorem,
1641 621 1712 672 sed
1742 628 1876 675 etiam
1900 629 2048 690 quoad
2073 642 2268 691 corpus;

299 695 427 740 aliter
449 694 502 740 fit
523 709 631 739 cum
657 708 747 739 non
773 692 1019 754 loquuntur
1042 707 1147 738 cum
1175 691 1381 746 humine,
1405 702 1514 740 tunc
1549 705 1630 736 nec
1651 690 1939 754 sciunt-quod
1979 709 2034 740 ex
2073 694 2272 742 illosfint

301 763 409 821 quae
434 751 661 820 cogitant,
697 758 746 805 ὅτ
774 772 958 819 quoque
981 771 1086 819 quae
1127 757 1241 802 inter
1278 755 1319 802 se
1355 756 1620 818 loquuntur,
1656 755 1922 805 naminter
1953 757 1993 804 se
2028 759 2274 820 loquuntur

297 824 432 869 etiam
456 839 510 869 ex
536 824 734 884 homine,
773 822 844 869 sed
869 823 1059 869 credunt
1085 821 1208 884 quod
1236 820 1310 867 sua
1340 821 1440 876 sint,
1465 822 1513 867 δι
1536 819 1723 884 quisque
1747 818 1821 866 sua
1841 820 2030 869 aestimat
2063 825 2109 870 ἃ
2135 839 2270 880 amat,

296 891 359 934 ita
381 887 557 950 spiritus
582 894 786 935 tenentur
817 888 872 934 ad
902 887 1146 934 amandum
1171 887 1219 932 δι
1254 886 1569 932 aestimandum
1605 885 1854 941 hominem,
1896 888 2067 934 tametfi
2098 889 2146 935 id
2181 906 2273 937 non

299 952 457 1001 sciunt.
528 953 672 1013 Quod
698 953 794 999 talis
829 952 1087 1015 conjunctio
1124 951 1360 1014 spirituum
1394 967 1503 998 cum
1534 951 1716 997 homine
1755 950 1825 1006 fit,
1866 967 1924 997 ex
1957 952 2155 1013 plurium
2194 971 2271 1002 an-

299 1034 462 1065 norum
502 1020 714 1066 continua
734 1019 1012 1080 ¹experientia
1044 1030 1136 1063 tarn
1167 1027 1327 1064 notum
1364 1016 1474 1064 mihi
1502 1014 1673 1062 factum
1697 1013 1776 1071 est,
1812 1029 1863 1062 ut
1887 1016 1996 1063 nihil
2021 1020 2181 1067 notius.
2231 1040 2234 1043 ·

366 1101 478 1147 293.
503 1084 660 1142 ·Quod
686 1085 894 1146 Spiritus,
935 1084 1014 1145 qui
1039 1083 1381 1128 communicant
1419 1096 1526 1127 cum
1571 1079 1768 1136 Inferno‚
1809 1083 1944 1128 etiam
1979 1082 2153 1130 homini
2190 1085 2274 1133 fint

298 1147 515 1211 adjuncti,
550 1150 615 1196 est
635 1151 741 1211 quia
777 1149 917 1196 homo
941 1147 1131 1194 nascitur
1169 1147 1214 1196 in
1255 1147 1403 1193 omnis
1427 1147 1602 1208 generis
1628 1145 1761 1211 mala,
1801 1147 1851 1193 δε
1874 1147 1977 1193 inde
2009 1150 2158 1210 prima
2180 1148 2273 1213 ejus

298 1216 391 1261 vita
414 1231 504 1261 non
528 1214 591 1261 est
615 1215 692 1260 nifi
722 1229 857 1275 quam
891 1227 948 1259 ex
984 1211 1086 1274 illis,
1121 1223 1394 1274 quapropter
1426 1211 1507 1258 nifi
1541 1211 1714 1258 homini
1753 1209 1951 1275 adjuncti
1987 1212 2135 1261 forent
2162 1217 2274 1265 tales

223 1282 226 1284 ’
296 1280 476 1342 spiritus
499 1281 639 1341 qualis
661 1279 733 1324 ille
754 1277 834 1335 est,
873 1293 964 1325 non
987 1276 1133 1338 potest
1156 1278 1324 1333 vivere,
1360 1278 1457 1324 imo
1488 1293 1569 1324 nec
1601 1275 1745 1340 potest
1768 1277 1933 1324 abduci
1965 1295 1990 1326 a
2017 1279 2101 1326 suis
2127 1281 2271 1339 malis,

296 1346 348 1392 &
371 1344 633 1400 reformari3
674 1359 809 1406 quare
833 1355 1007 1395 tenetur
1046 1344 1090 1390 in
1130 1342 1205 1388 sua
1239 1343 1330 1388 vita
1365 1358 1443 1404 per
1480 1342 1620 1390 malos
1649 1342 1843 1405 spiritus,
1877 1344 1928 1390 δε
1964 1344 2185 1392 detinetur
2219 1348 2275 1395 ab

295 1410 370 1456 illa
392 1425 471 1472 per
496 1410 636 1456 bonos
658 1408 867 1472 spiritus;
903 1425 985 1471 per
1007 1408 1218 1471 utrosque
1256 1409 1390 1454 etiam
1414 1406 1477 1454 est
1512 1409 1558 1456 in
1581 1407 1868 1470 aequilibrio;
1908 1410 1958 1456 δε
1990 1411 2096 1472 quia
2128 1412 2190 1458 est
2222 1415 2270 1459 in

297 1475 567 1537 aequilibrio,
601 1474 664 1522 est
687 1476 732 1521 in
757 1473 836 1522 suo
858 1475 1015 1530 libero,
1055 1475 1103 1521 &
1129 1472 1274 1536 potest
1294 1473 1455 1520 abduci
1486 1490 1511 1520 a
1535 1474 1679 1529 maliS,
1713 1474 1763 1520 ὅτ
1785 1474 1903 1521 flecti
1925 1475 1981 1522 ad
2005 1475 2193 1535 bonum,
2225 1479 2276 1526 δε

298 1555 482 1603 quoque
513 1541 555 1588 ei
585 1540 842 1603 implantari
878 1540 1071 1596 bonum,
1113 1539 1238 1602 quod
1274 1555 1557 1602 nequaquam
1580 1539 1676 1586 fieri
1699 1539 1843 1601 potest
1866 1540 1947 1586 nifi
1970 1542 2016 1587 in
2041 1541 2182 1590 libero
2204 1544 2276 1602 fit,

295 1622 380 1652 nec
413 1606 603 1653 liberum
637 1606 814 1662 cidari,
852 1606 933 1652 nisi
957 1605 1133 1667 spiritus
1165 1605 1220 1650 ab
1257 1603 1439 1651 Inferno
1470 1605 1525 1652 ab
1560 1620 1648 1651 una
1682 1617 1806 1666 parte
1833 1618 1983 1667 agant,
2023 1608 2072 1653 &t
2098 1607 2275 1670 spiritus

296 1687 322 1717 e
343 1671 466 1718 coelo
495 1672 551 1718 ab
579 1670 728 1727 altera,
766 1687 815 1717 ac
841 1671 981 1718 homo
1003 1670 1057 1717 s1t
1079 1672 1126 1716 in
1162 1669 1327 1717 medio.
1398 1668 1638 1716 Ostensum
1661 1670 1796 1717 etiam
1818 1670 1897 1725 est,
1931 1671 2056 1733 quod
2081 1672 2271 1730 homini,

296 1748 520 1799 quantum
549 1752 605 1783 ex
635 1736 915 1783 haereditario
937 1735 1113 1783 &inde
1146 1750 1203 1781 ex
1225 1733 1281 1790 se,
1319 1734 1442 1781 nulla
1464 1735 1568 1782 vita'
1592 1728 1724 1791 foret,
1765 1734 1798 1781 fi
1835 1751 1929 1782 non
1961 1736 2113 1784 liceret
2152 1741 2191 1786 ei
2224 1743 2273 1787 in

295 1801 420 1848 malo
453 1802 552 1858 effe,
592 1801 642 1849 &
664 1817 847 1863 quoque
872 1801 993 1848 nulla
1023 1799 1054 1846 fi
1080 1815 1171 1847 non
1204 1799 1251 1845 in
1285 1799 1441 1854 libero,
1481 1811 1583 1846 tum
1616 1801 1741 1861 quod
1776 1802 1883 1862 cogi
1917 1817 2008 1847 non
2047 1805 2179 1865 poffit
2216 1805 2275 1851 ad

298 1866 490 1923 bonum,
531 1870 581 1915 &
603 1866 728 1929 quod
765 1867 972 1913 coactum
1010 1880 1102 1912 non
1132 1863 1376 1919 inhaereat;
1424 1874 1475 1910 ut
1509 1866 1558 1911 &
1594 1865 1720 1926 quod
1755 1864 1928 1912 bonum
1968 1868 2093 1929 quod
2132 1869 2275 1918 homo

298 1933 456 1995 recipit
495 1933 539 1979 in
580 1932 735 1988 libero,
776 1932 1068 1996 implantetur
1089 1929 1184 1995 ejus
1206 1930 1445 1985 voluntati,
1483 1931 1531 1977 δε
1554 1930 1633 1975 fiat
1656 1929 1766 1977 ficut
1794 1928 1888 1992 ejus
1911 1933 2147 1995 proprium
2165 1936 2272 1994 (x);
2335 1977 2339 1981 Α

300 1998 350 2044 Sc
373 1998 500 2060 quod
522 1998 627 2045 inde
649 1997 720 2054 fit,
755 1998 880 2060 quod
903 1997 1080 2045 homini
1114 1997 1167 2044 fit
1191 1991 1549 2044 communicatio
1579 2011 1686 2042 cum
1712 1994 1909 2053 Inferno,
1945 1997 1995 2044 δε
2016 2002 2274 2048 communi·

298 2063 417 2110 catio
450 2079 557 2110 cum
585 2063 736 2110 Coelo.

368 2143 477 2191 294.
517 2128 674 2186 Qualis
695 2127 1049 2174 communicatio
1072 2125 1197 2172 Coeli
1231 2125 1294 2172 est
1316 2141 1426 2172 cum
1449 2124 1688 2188 Spiritibus
1720 2122 1864 2182 bonis,
1904 2127 1955 2175 δε
1978 2128 2121 2191 qualis
2145 2145 2273 2178 com-

297 2194 545 2240 municatio
571 2191 734 2240 Inferni
770 2207 876 2238 cum
901 2191 1125 2255 spiritibus
1150 2191 1294 2248 malis,
1334 2192 1384 2238 ὅτ
1407 2191 1510 2238 inde
1533 2190 1676 2254 qualis
1706 2189 1771 2238 est
1799 2190 2055 2255 conjunctio
2079 2196 2201 2242 Coeli
2223 2199 2273 2244 &

299 2256 469 2307 Inferni
511 2274 618 2306 cum
652 2259 854 2312 homine,
895 2259 1028 2305 etiam
1065 2257 1275 2306 dicetur:
1333 2272 1491 2305 omnes
1524 2257 1732 2321 SpirituS‚
1766 2257 1847 2318 qui
1884 2260 1930 2304 in
1965 2260 2148 2307 Mundo
2186 2261 2273 2325 spi·

829 2338 856 2385 3
1215 2346 1218 2348 -
2103 2326 2275 2375 rituum

355 2438 429 2494 (u)
460 2437 584 2486 Quod
614 2438 719 2491 apud
751 2439 1060 2492 unumquemvis
1092 2439 1299 2480 hominem
1331 2437 1406 2479 smt
1429 2438 1575 2493 Angeli
1609 2437 1848 2492 &Spiritus‚
1880 2440 1920 2480 &
1949 2441 2055 2494 quod
2090 2455 2159 2494 per
2187 2443 2276 2485 illos

258 2493 262 2495 ’
300 2495 454 2536 homini
488 2495 805 2535 communicatio
838 2493 884 2535 sit
914 2509 1009 2536 cum
1039 2497 1192 2537 mundo
1224 2495 1430 2549 spirituali,
1462 2508 1516 2536 n:
1539 2496 1635 2551 697.
1670 2496 1798 2552 2796.
1831 2496 1957 2539 2886.
1991 2498 2117 2554 2887.
2144 2513 2272 2555 4047.

300 2551 431 2604 4048.
456 2550 568 2605 5846
583 2551 630 2591 ad
652 2551 777 2605 5866.
801 2552 915 2608 5976
931 2553 977 2592 ad
994 2566 1124 2608 5993.
1185 2551 1308 2604 Quod
1336 2552 1458 2593 homo
1483 2552 1626 2606 absque
1649 2552 1843 2606 spiritibus
1863 2554 1964 2606 apud
1984 2554 2023 2594 se
2043 2568 2123 2596 non
2144 2557 2276 2598 vivere

300 2610 431 2661 poffit‚
453 2621 505 2649 n:
527 2620 654 2663 5993.
686 2606 811 2660 Qod
831 2609 954 2649 homo
974 2623 1057 2649 non
1077 2619 1259 2663 appareat
1279 2609 1484 2662 spiritibus,
1508 2607 1606 2649 ficut
1621 2623 1698 2650 nec
1717 2609 1870 2663 spiritus
1890 2611 2059 2659 homini,
2081 2626 2127 2652 n:
2148 2613 2274 2667 5885.

302 2664 426 2718 Qod
447 2664 600 2717 spiritus
618 2665 716 2706 nihil
746 2666 888 2719 poffint
907 2665 1040 2707 videre
1064 2667 1170 2721 quod
1202 2667 1243 2706 in
1267 2666 1421 2707 mundo
1451 2664 1586 2708 nostro
1618 2665 1730 2707 solari
1759 2668 1862 2720 apud
1894 2668 2115 2718 hominem,
2145 2668 2271 2712 solum

301 2722 405 2776 apud
430 2722 544 2762 illum
568 2735 663 2762 cum
683 2736 764 2776 quo
784 2718 1020 2776 loquuntur,
1050 2737 1102 2764 n:
1127 2723 1249 2766 1880.

362 2780 434 2835 (x)
466 2777 588 2832 Quod
619 2792 740 2819 omne
767 2779 938 2821 liberum
967 2779 1014 2821 fit
1042 2780 1186 2822 amoris
1217 2780 1255 2821 &
1283 2778 1521 2830 affecffionis,
1550 2780 1738 2834 quoniam
1768 2781 1871 2835 quod
1903 2782 2025 2823 homo
2057 2791 2162 2823 amat
2195 2784 2271 2825 hoc

300 2836 422 2877 libere
443 2836 555 2883 facit,
586 2849 638 2876 n:
660 2835 786 2892 2870.
805 2849 852 2892 3¹
863 2838 931 2891 58.
950 2838 1076 2894 8907.
1095 2837 1223 2893 8990.
1244 2838 1372 2893 9585.
1393 2850 1521 2892 9591.
1580 2836 1691 2891 Qia
1709 2837 1877 2880 liberum
1899 2838 1953 2879 est
1970 2839 2130 2888 amoris,
2162 2843 2268 2892 quod

300 2891 349 2934 fit
367 2892 459 2932 vitae
479 2892 579 2946 ejus,
611 2906 638 2932 n
656 2906 666 2933 ε
690 2893 770 2948 287
778 2906 815 2948 3.
875 2892 1000 2946 Qod
1019 2894 1118 2935 nihil
1137 2905 1320 2949 appareat
1340 2904 1386 2934 ut
1406 2893 1607 2947 proprium
1621 2893 1692 2934 nisi
1707 2896 1811 2948 quod
1829 2910 1878 2936 ex
1893 2895 2030 2942 libero,
2063 2909 2088 2934 n
2107 2909 2117 2935 :
2141 2898 2269 2940 2880.

303 2948 429 3002 Quod
462 2948 632 2989 liberum
665 2949 818 2990 homini
849 2949 926 2990 effe
954 2950 1110 2999 debeat,
1141 2961 1186 2991 ut
1216 2952 1329 3004 poffit
1360 2951 1581 2999 reformari,
1612 2964 1667 2990 n:
1693 2964 1816 3006 1937·
1845 2963 1962 3008 1947.
1992 2950 2117 3006 2876.
2142 2955 2273 2997 2881·

304 3017 431 3062 3145.
453 3005 577 3059 3146.
597 3005 724 3059 3158.
744 3018 873 3060 4031.
897 3006 1026 3062 8700.
1070 3005 1194 3057 Quod
1214 3006 1388 3061 alioquin
1410 3021 1522 3046 amor
1543 3008 1636 3048 boni
1654 3008 1692 3049 &
1711 3009 1795 3049 veri
1815 3021 1895 3048 non
1919 3007 2139 3059 implantari
2158 3014 2270 3062 poffit

299 3063 476 3119 homini,
499 3061 538 3102 &
557 3061 795 3114 appropriari
814 3066 1045 3115 apparenter
1065 3062 1165 3104 ficut
1184 3063 1289 3115 suus,
1319 3077 1372 3104 n:
1398 3064 1519 3119 2877.
1543 3064 1668 3121 2879.
1687 3065 1812 3107 2880.
1836 3062 1959 3105 2888.
1979 3065 2104 3119 8700.
2144 3066 2268 3122 Qod

304 3119 406 3162 nihir
422 3119 689 3172 conjungatur
708 3119 859 3160 homini
875 3120 978 3173 quod
994 3119 1040 3160 fit
1055 3134 1104 3161 ex
1121 3119 1276 3170 coaeto,
1307 3134 1360 3160 n:
1386 3121 1465 3177 287
1471 3135 1516 3175 5.·
1535 3121 1659 3176 8700.
1689 3120 1715 3161 fi
1740 3120 1863 3160 homo
1894 3134 1946 3160 ex
1975 3123 2114 3163 coacto
2144 3127 2270 3166 refor-

302 3178 407 3220 mari
425 3175 566 3227 poss'et,
599 3175 705 3228 quod
727 3189 865 3216 omnes
883 3177 1209 3228 reformarentur,
1240 3191 1291 3218 n:
1314 3178 1438 3219 2881.
1499 3176 1622 3232 Qod
1641 3175 1825 3223 wadium
1851 3179 1893 3220 in
1921 3178 2203 3225 reformatione
2221 3181 2271 3224 fit

298 3233 552 3285 damnosum,
582 3244 788 3290 11:4031.
818 3233 938 3279 status
957 3233 1083 3279 coaai
1113 3235 1293 3291 quinam,
1325 3248 1380 3279 n:
1404 3234 1531 3293 8392.
