2546 3786
291 299 458 364 232,
610 279 728 343 DE
784 241 1157 342 corito
1214 243 1999 354 nmlNFERNoss

293 424 385 471 que
409 405 667 462 inmundo,
702 406 852 469 quiin
877 404 1003 455 malo
1018 404 1198 457 vivunt,
1236 400 1287 448 &
1309 415 1417 450 cum
1440 405 1535 453 aliis
1558 406 1615 454 de
1637 405 1774 454 Coelo
1804 405 1856 454 δε
1890 407 1947 454 de
1978 404 2072 456 vita
2109 415 2273 461 aeterna

297 475 562 536 loquuntur,
598 488 687 519 non
711 472 836 518 aliter
857 472 1023 533 dicant,
1061 482 1199 530 quam
1222 467 1349 529 quod
1372 469 1523 517 venire
1554 473 1602 518 in
1621 473 1810 529 coelum,
1845 472 1898 519 fit
1921 472 2061 520 modo
2094 474 2274 526 admitti

298 554 354 586 ex
392 538 478 585 sola
503 537 846 591 Misericordia;
886 537 936 582 ὅτ
972 535 1098 597 quod
1138 533 1364 595 imprimis
1402 531 1467 579 illi
1503 534 1550 580 id
1585 538 1781 592 credant,
1814 539 1894 600 qui
1934 538 2073 586 fidem
2107 538 2277 590 faciunt

298 606 486 650 unicum
511 602 654 650 salutis
686 602 907 657 medium,
940 615 1044 647 nam
1081 598 1144 645 illi
1178 613 1234 645 ex
1267 598 1489 661 principio
1511 598 1736 662 religionis
1756 601 1846 648 suae
1877 618 1967 651 non
1991 603 2185 667 spectant
2218 608 2276 655 ad

298 671 459 724 v-itam,
495 669 543 715 ὅτ
576 669 629 714 ad
653 667 816 724 amoris
838 665 951 713 fafta
972 680 1078 728 quae
1100 662 1269 711 faciunt
1292 666 1450 720 vitam,
1487 666 1546 711 ita
1569 679 1651 711 nec
1681 664 1737 710 ad
1772 667 1851 714 alia
1874 670 2034 727 media,
2071 687 2149 733 per
2171 688 2278 735 quae

298 734 527 782 Dominus
550 733 665 780 indit
688 733 861 780 homini
885 730 1076 786 coelum,
1110 730 1159 776 ὅτ
1184 727 1289 776 facit
1322 741 1372 776 ut
1401 729 1666 793 receptibilis
1701 729 1755 777 sit
1781 733 1941 793 gaudii
1974 737 2198 793 coelestis;
2225 740 2277 786 δε
2325 757 2329 761 ’

301 801 407 862 quia
446 798 506 845 sic
540 814 675 845 omne
699 797 947 845 mediatum
981 795 1148 843 actuale
1180 793 1403 857 rejiciunt,
1438 811 1495 842 ex
1528 796 1775 843 necessitate
1814 797 2018 862 principii
2060 801 2274 860 statuunt,

302 865 428 927 quod
465 865 604 911 homo
642 865 687 910 in
721 863 889 910 caelum
915 863 1063 910 veniat
1098 876 1155 909 ex
1192 859 1282 908 sola
1312 860 1636 917 Misericordia,
1671 861 1727 908 ad
1761 877 1899 925 quarn
1922 863 2074 913 Deum
2101 868 2282 916 Patrem

298 931 488 977 credunt
512 946 592 993 per
613 930 960 976 interceffionem
982 927 1086 975 Filii
1119 928 1430 974 commoveri:
1478 927 1534 974 ad
1568 927 1666 974 haec
1690 927 1860 990 Angeli
1894 927 2117 988 dixerunt,
2153 936 2280 995 quod

301 996 437 1044 sciant
459 996 584 1059 quod
608 996 692 1042 tale
716 995 887 1058 dogma
911 994 1115 1056 sequatur
1146 1009 1203 1039 ex
1238 994 1483 1039 neceffitate
1515 1008 1541 1039 a
1571 1004 1704 1055 capto
1726 993 1950 1055 principio
1972 994 2028 1041 de
2058 993 2143 1044 sola
2172 998 2279 1056 fide,

301 1063 351 1110 &
375 1055 479 1125 quia
515 1061 561 1108 id
596 1061 768 1124 dogma
799 1059 862 1106 est
898 1071 1034 1122 caput
1066 1058 1362 1121 reliquorum,
1401 1058 1447 1104 in
1469 1058 1759 1122 quod,·quia
1781 1074 1873 1105 non
1895 1058 1958 1105 est
1982 1075 2156 1118 verum,
2191 1081 2282 1112 non

302 1127 448 1190 aliqua
472 1127 549 1173 lux
578 1143 603 1174 e
627 1126 748 1174 coelo
769 1126 953 1172 influere
988 1122 1149 1187 potest,
1185 1123 1312 1185 quod
1351 1123 1456 1170 inde
1494 1123 1561 1171 fit.
1586 1125 1852 1187 ignorantia,
1888 1126 1935 1171 in
1975 1141 2063 1189 qua
2086 1127 2283 1178 Ecclesia

302 1193 436 1240 hodie
459 1193 538 1250 est,
573 1193 630 1238 de
650 1192 872 1244 Domino,
906 1190 964 1236 de
987 1189 1138 1244 Coelo,
1174 1188 1231 1235 de
1247 1188 1355 1235 Vita
1377 1187 1478 1252 post
1499 1203 1712 1247 mortem,
1737 1190 1794 1236 de
1815 1190 1983 1253 gaudio
2006 1192 2193 1250 coelesti,
2225 1197 2283 1244 de

301 1259 477 1306 essentia
498 1257 660 1304 amoris
683 1258 732 1303 δε
756 1255 992 1311 charitatis,
1016 1255 1065 1302 &
1083 1255 1129 1301 in
1152 1269 1311 1317 genere
1332 1255 1390 1302 de
1414 1255 1550 1311 bono,
1573 1256 1623 1303 δι
1644 1255 1700 1303 de
1722 1254 1818 1317 ejus
1841 1254 2153 1319 conjunctione
2177 1275 2283 1310 cum

301 1334 428 1384 vero,
464 1322 652 1386 proinde
674 1322 730 1369 de
753 1322 845 1368 vita
867 1321 1079 1379 hominis,
1113 1320 1234 1368 unde
1266 1319 1346 1377 est,
1383 1322 1433 1369 &
1455 1320 1597 1384 qualis
1631 1320 1711 1378 est,
1745 1337 1852 1385 quae
1886 1334 2034 1370 tamen
2066 1323 2284 1387 nusquam

303 1390 434 1439 alicui
456 1388 518 1435 est
541 1403 596 1435 ex
619 1389 907 1450 cogitatione,
944 1386 1013 1433 sed
1037 1402 1093 1434 ex
1114 1385 1346 1434 voluntate
1380 1388 1429 1434 δε
1463 1387 1567 1433 inde
1606 1385 1748 1443 factis,
1783 1388 1832 1434 δε
1855 1389 1980 1451 quod
2021 1401 2196 1437 tantum
2229 1407 2287 1439 ex

303 1455 591 1517 cogitatione,
626 1465 854 1516 quuntum
879 1453 1095 1515 cogitatio
1118 1452 1250 1499 trahit
1270 1468 1326 1499 ex
1350 1451 1600 1509 voluntate,
1636 1453 1696 1500 ita
1721 1468 1811 1500 non
1835 1469 1891 1500 ex
1925 1453 2015 1501 fide
2039 1455 2115 1502 nifi
2139 1457 2289 1519 quan-'

304 1535 410 1568 tum*
430 1520 540 1567 fides
564 1518 698 1566 trahit
728 1535 785 1566 ex
807 1534 989 1566 amore:
1032 1518 1187 1566 dolent
1211 1519 1397 1581 Angeli,
1432 1518 1558 1581 quod
1593 1519 1730 1566 iidem
1753 1534 1844 1565 non
1868 1518 2016 1576 sciant,
2051 1522 2175 1585 quod
2198 1522 2287 1571 sola

303 1587 415 1633 fides
448 1586 570 1650 apud
600 1586 797 1648 aliquem
819 1601 910 1632 non
932 1584 1090 1631 dabilis
1112 1584 1182 1640 fit,
1221 1585 1436 1647 quoniam
1461 1584 1573 1631 fides
1594 1584 1754 1648 absque
1776 1585 1949 1647 origine
1972 1585 2059 1643 sua,
2094 1603 2199 1650 quae
2223 1590 2286 1637 est

305 1668 450 1708 amor,
485 1651 547 1698 est
573 1651 714 1698 modo
737 1650 929 1706 scientia,
965 1651 1015 1699 &
1037 1650 1158 1713 apud
1182 1649 1401 1711 quosdam
1434 1648 1736 1710 persuasurum
1772 1651 1883 1712 quid
1919 1653 2042 1714 quod
2071 1655 2289 1702 mentitur

305 1719 463 1774 fidem,
488 1717 693 1763 videatur
715 1714 842 1778 supra
871 1731 902 1761 n
920 1732 931 1762 :
952 1719 1068 1774 482,
1106 1714 1233 1776 quod
1257 1713 1556 1777 persuafivum
1583 1730 1673 1761 non
1696 1714 1759 1761 est
1782 1716 1827 1761 in
1853 1717 1944 1764 vita
1965 1718 2176 1775 hominis,
2213 1720 2284 1766 sed

304 1795 428 1830 extra
461 1782 602 1838 illam,
639 1797 741 1827 nam
764 1780 999 1842 separatur·
1026 1779 1083 1825 ab
1105 1779 1303 1834 homine,
1340 1778 1372 1824 fi
1411 1794 1501 1825 non
1536 1779 1731 1826 cohaeret
1765 1795 1872 1826 cum
1905 1797 2073 1830 amore.
2141 1785 2286 1832 Porro

305 1850 531 1902 dixerunt,
566 1846 697 1908 quod
719 1846 799 1908 qui
824 1846 868 1890 in
894 1844 968 1891 tali
991 1844 1214 1906 principio
1238 1842 1338 1890 sunt
1361 1843 1417 1890 de
1450 1843 1656 1890 essentiali
1693 1844 1846 1891 medio
1878 1844 2023 1893 salutis
2058 1850 2178 1911 apud
2201 1851 2283 1898 ho-

304 1917 494 1968 minem,
521 1927 609 1958 non
635 1911 758 1959 aliter
778 1911 942 1974 possint
964 1925 1103 1973 quam
1128 1909 1304 1956 credere
1328 1909 1636 1957 immediatam
1658 1909 2031 1968 Misericordiam,
2056 1916 2162 1975 quia
2183 1931 2285 1979 per-

299 1980 480 2042 cipiunt
512 1994 566 2025 ex
590 1976 772 2025 naturali
808 1976 1080 2033 lumine,.&
1101 1991 1376 2039 quoqueex
1398 1975 1551 2022 visuali
1586 1977 1870 2039 experientia,
1909 1978 2036 2040 quod
2074 1979 2186 2027 fides
2219 1981 2285 2030 se-

303 2057 453 2108 parata
477 2060 567 2092 non
591 2043 720 2091 faciat
743 2043 885 2090 vitam
910 2042 1123 2099 hominiS,
1157 2042 1373 2106 quoniam
1398 2041 1597 2089 similiter
1631 2043 1826 2106 cogitare
1848 2044 1898 2090 &
1922 2044 2000 2091 fibi
2024 2045 2286 2108 persuadere

302 2111 484 2175 possunt
522 2111 586 2158 illi
626 2110 704 2174 qui
743 2109 907 2156 malam
945 2110 1087 2156 vitam
1120 2120 1291 2171 agunt:
1340 2108 1444 2155 inde
1480 2107 1560 2164 est,
1593 2110 1718 2171 quod
1757 2108 1976 2165 credatur,
2011 2111 2135 2173 quod
2179 2114 2286 2160 mali

305 2192 437 2239 aeque
460 2175 609 2223 salvari
635 2177 798 2238 possint
821 2191 870 2222 ac
895 2175 1017 2230 boni,
1056 2175 1197 2221 modo
1232 2176 1278 2220 in
1319 2173 1476 2220 mortis
1516 2173 1624 2220 hora
1661 2190 1719 2221 ex
1748 2173 1920 2222 'fiducia
1954 2175 2195 2239 loquantur
2231 2180 2288 2226 de

306 2243 613 2290 Interceffione
635 2242 684 2288 &
708 2242 765 2287 de
789 2240 1096 2288 Misericordia
1134 2256 1215 2303 per
1254 2239 1391 2286 illam.
1462 2239 1731 2287 Fatebantur
1754 2241 1942 2302 Angeli‚
1976 2242 2100 2304 quod
2140 2243 2288 2292 adhuc

301 2309 534 2355 ,neminem
557 2307 751 2354 viderint
785 2319 1017 2369 receptum
1052 2307 1096 2352 in
1122 2305 1328 2361 Coelum,
1363 2305 1444 2368 qui
1470 2305 1582 2352 male
1605 2307 1790 2362 vixerat,
1826 2321 1880 2352 ex
1905 2307 2164 2356 immediata
2187 2310 2285 2356 Mi·

304 2373 556 2428 sericordia,
593 2385 822 2436 utcunque
856 2388 915 2419 ex
953 2372 1122 2420 fiducia
1156 2370 1228 2418 seu
1263 2370 1552 2427 confidentia,
1586 2387 1692 2434 quae
1727 2387 1807 2435 per
1830 2371 1970 2419 fidem
1995 2374 2040 2420 in
2064 2376 2287 2423 eminente

306 2438 428 2486 sensu
453 2438 730 2502 intelligitur,
769 2438 981 2501 loquutus
1006 2437 1146 2485 suerat
1168 2438 1214 2484 in
1241 2437 1432 2484 mundo.
1499 2437 1580 2484 Ad
1619 2438 2012 2501 interrogationem
2055 2440 2112 2487 de
2137 2441 2285 2489 Abra·

305 2506 459 2560 hamo,
496 2504 633 2560 Isaeo,
664 2504 856 2567 Jacob0‚
893 2506 942 2552 &
965 2503 1161 2560 Davide,
1198 2503 1342 2567 deque
1368 2502 1616 2566 ApostoliS,
1651 2519 1797 2551 annon
1836 2504 1900 2550 illi
1932 2507 2097 2569 recepti
2122 2504 2290 2554 fuerint

299 2571 351 2622 :in
375 2571 546 2617 coelum
571 2586 626 2616 ex
650 2570 910 2617 immediata
935 2569 1260 2634 Misericordia,
1297 2568 1631 2632 responderunt,
1666 2570 1792 2632 quod
1827 2570 1974 2616 nullus
2009 2587 2165 2620 eorum
2184 2573 2283 2625 ;-&

299 2636 431 2700 ,quod
475 2634 771 2699 unusquisque
811 2635 1055 2682 secundum
1079 2637 1220 2682 vitam
1255 2634 1377 2682 suam
1402 2635 1446 2681 in
1470 2635 1656 2681 Mundo
1675 2657 1689 2690 ;
1706 2636 1772 2682 ·&
1797 2636 1922 2698 quod
1946 2636 2081 2684 sciant
2103 2638 2285 2684 ubinam
2341 2657 2343 2659 ¹

305 2704 437 2756 funt3
473 2703 522 2748 &
545 2701 671 2764 quod
694 2702 755 2747 ibi
779 2716 868 2748 non
891 2700 995 2764 plus
1026 2702 1072 2747 in
1102 2700 1392 2748 aestimatione
1425 2700 1526 2757 sint,
1561 2717 1699 2763 quam
1740 2701 1843 2748 alii:
1880 2703 2007 2765 quod
2050 2700 2283 2750 memorati

308 2768 394 2814 sint
428 2769 473 2813 in
498 2767 653 2814 Verbo
691 2782 798 2814 cum
839 2766 1023 2822 honore,
1069 2767 1278 2813 dixerunt
1316 2766 1488 2813 causam
1527 2767 1626 2822 effe,
1677 2768 1780 2830 quia
1820 2783 1899 2830 per
1938 2769 2036 2816 illos
2074 2771 2117 2814 in
2164 2767 2284 2814 fensu

299 2831 480 2880 interno
519 2832 783 2895 intelligitur
817 2833 1082 2888 Dominus;
1135 2848 1214 2895 per
1237 2832 1568 2888 Abrahamum‚
1603 2831 1792 2889 Isaeum,
1839 2834 1888 2880 δι
1925 2834 2144 2895 Jacobum
2186 2834 2285 2880 Do-

307 2899 456 2944 minus
493 2899 643 2959 quoad
685 2899 908 2945 Divinum
955 2914 1005 2945 ac
1044 2899 1269 2945 Divinum
1314 2899 1618 2952 Humanum;
1673 2915 1752 2962 per
1790 2899 2014 2946 Davidem
2055 2899 2284 2946 Dominus

307 2959 458 3025 quoad
500 2964 723 3011 Divinum
765 2964 1000 3025 Regium,
1037 2960 1089 3010 ὅτ’
1122 2979 1200 3026 per
1224 2963 1464 3025 Apostolos
1488 2964 1715 3011 Dominus
1755 2963 1902 3028 quoad
1938 2963 2108 3010 Divina
2128 2964 2281 3020 Vera3

302 3028 360 3078 ,δε
398 3025 524 3089 quod
558 3027 733 3088 prorsus
770 3043 861 3075 non
900 3029 1200 3091 appercipiant
1238 3029 1404 3091 aliquid
1441 3029 1497 3075 de
1536 3023 1620 3077 illis
1654 3045 1762 3077 cum
1799 3028 1961 3090 legitur
1986 3028 2187 3077 Verbum
2228 3032 2284 3077 ab

308 3093 506 3147 homine,
545 3094 759 3154 quoniam
795 3094 996 3139 Nomina
1035 3093 1216 3140 illorum
1258 3110 1350 3140 non
1390 3096 1552 3141 intrant
1589 3095 1792 3148 coelum;
1827 3092 1898 3139 sed
1937 3109 2020 3155 pro
2060 3094 2145 3142 illis
2183 3111 2281 3158 per—

299 3159 473 3223 gipiant
511 3158 872 3215 Dominum,ut
912 3174 1022 3207 mox
1062 3160 1235 3208 dictum
1275 3159 1370 3216 est,
1406 3160 1456 3209 ὅτ
1489 3162 1616 3223 quod
1653 3161 1754 3208 ideo
1797 3159 1841 3205 in
1867 3159 2035 3217 Verbo,
2069 3162 2192 3223 quod
2234 3163 2280 3208 in

415 3229 417 3231 ’
2079 3259 2082 3262 -
2143 3227 2279 3276 Coelo
2318 3255 2325 3266 -
