2546 3786
657 236 778 304 'Da
839 224 1349 323 ΕΟΕΙᾶῼᾎ-Ετ
1406 224 1989 316 INFE-R-NQ
2172 250 2306 330 ¹213

323 359 399 411 fied
439 361 521 428 ipst
561 361 738 428 spiritus
780 379 872 412 non
970 357 1088 410 mne
1109 359 1260 409 videre
1294 359 1378 410 sua
1403 352 1520 410 mala
1552 360 1625 409 δι’
1635 353 1768 418 falsa3
1802 362 1912 427 quid
1938 360 2112 410 bonum
2137 360 2302 408 amoris

319 430 531 486 coelestis,
566 431 682 494 quid
701 379 982 488 conscienffi,
1015 423 1127 490 quid
1153 426 1369 475 sincerum
1390 420 1641 492 &justum
1661 427 1740 474 nifi
1760 428 1897 489 quod
1935 428 1988 475 fit
2020 431 2206 491 propter
2243 424 2303 482 se,

317 496 434 557 quid
458 496 511 542 fit
534 495 640 544 duci
661 513 685 542 a
705 495 924 555 Domino,
961 508 1050 538 non
1075 495 1271 556 capiunt,
1307 494 1466 540 dicunt
1484 492 1609 556 quod
1630 498 1720 539 non
1744 492 1920 555 dentur,
1946 495 2005 540 ita
2025 492 2151 556 quod
2175 491 2303 538 nihili

316 561 416 609 fint.
488 562 612 609 Haec
645 547 773 609 dieta
803 556 919 613 sunt,
956 558 1016 604 ob
1052 557 1208 615 finem,
1245 571 1296 607 ut
1330 559 1470 606 homo
1503 557 1704 622 exploret
1742 558 1799 614 se,
1833 558 1882 605 ὅτ
1905 556 2188 621 exjucundis
2211 555 2299 604 suis

317 626 558 689 cognoscat
595 621 792 674 amorem
832 620 979 679 suum,
1015 623 1063 670 ὅτ
1086 625 1206 681 inde,
1241 638 1464 688 quantum
1501 638 1557 671 ex
1595 623 1771 672 scientia
1809 623 2297 688 correspondentiarurn

317 693 452 755 capit,
489 691 599 743 sciat
603 683 778 736 statum
799 687 890 735 suae
914 691 1022 736 vitae
1046 690 1146 766 1³⁰.st
1169 704 1377 739 mortem.

362 759 495 817 488.
545 754 800 810 Quomodo
839 752 1036 815 jucunda
1072 756 1181 803 vitae
1222 752 1417 821 cujusvis
1454 755 1557 819 pofl:
1601 751 1795 803 mortem
1837 765 2075 803 vertuntur
2113 754 2158 802 in
2197 771 2299 802 cor-

315 821 635 896 respondentia,
673 820 860 882 quidem
886 835 943 865 ex
965 819 1142 867 scientia
1165 816 1655 885 correspondentiarum
1681 821 1777 868 sciri
1801 821 1962 885 potest,
1999 819 2072 868 sed
2095 821 2201 884 quia
2222 821 2297 868 illa

316 885 487 936 scientia
511 885 715 932 nondum
741 884 926 949 vulgata
948 885 1027 941 est,
1061 886 1200 932 velim
1235 886 1356 933 illam
1398 902 1492 932 rem
1535 902 1612 949 per
1634 886 1862 962 ‘quaedam
1897 888 2181 950 experientiae
2217 901 2296 934 ex·

315 951 463 1015 empla
497 952 542 997 in
579 951 772 1014 aliquam
803 951 952 998 lucem
989 951 1177 999 mittere.
1248 952 1422 999 Omnes
1447 951 1510 997 illi
1530 952 1624 1027 qui
1633 953 1678 997 in
1703 952 1821 998 malo
1845 951 1962 1008 sunt,
1997 954 2045 999 δε
2068 952 2108 999 se
2131 952 2295 1005 confir-

313 1030 549 1065 maverunt
589 1019 633 1063 in
675 1015 787 1063 falsis
827 1029 982 1063 contra
1021 1032 1124 1064 vera
1158 1017 1387 1073 Ecclesiae,
1424 1016 1649 1081 imprimis
1685 1017 1762 1078 qui
1801 1016 2046 1080 rejecerunt
2067 1018 2294 1076 Verbum,

312 1083 375 1133 illi
411 1081 594 1145 fugiunt
627 1083 773 1130 lucem
798 1083 955 1139 Coeli,
974 1083 1059 1130 δῑ
1048 1100 1094 1130 ιη
1123 1084 1318 1159 cryptas,
1353 1099 1487 1157 quae
1483 1099 1526 1129 m
1549 1082 1762 1145 aperturis
1787 1095 1999 1145 apparent
2020 1083 2294 1146 caliginosae,

311 1164 361 1197 ac
402 1150 446 1196 in
483 1146 701 1203 foramina
738 1159 984 1212 petrarum,
1014 1148 1060 1196 se
1103 1151 1373 1213 proripiunt,
1409 1165 1459 1198 ac
1472 1147 1561 1194 ibi
1600 1147 1640 1196 se
1681 1149 1964 1203 recondunt;
1999 1150 2047 1196 &
2076 1149 2161 1195 hoc
2193 1150 2298 1212 quia

310 1227 574 1271 amaverunt
599 1213 715 1271 falsa,
767 1215 815 1262 &
853 1215 973 1261 exofi
1015 1213 1115 1262 funt
1150 1231 1287 1271 vera,
1333 1212 1676 1278 correspondent
1716 1217 1839 1262 enim
1880 1214 1986 1261 tales
2023 1226 2212 1277 cryptae,
2247 1216 2297 1261 δε

309 1296 493 1344 quoque
514 1279 731 1328 foramina
755 1291 979 1344 petrarum
1004 1282 1095 1341 (t),
1131 1293 1232 1329 turn
1269 1281 1390 1337 falsa,
1425 1281 1615 1328 tenebris
1640 1282 1729 1340 (s),
1765 1296 1815 1328 ac
1849 1279 1928 1327 lux
1951 1282 2101 1336 veris;
2130 1279 2298 1344 J'ucun-

309 1349 423 1398 dum
459 1347 640 1394 illorum
680 1345 744 1394 est
783 1347 844 1393 ibi
880 1346 1091 1404 habitare,
1126 1348 1174 1394 δε
1199 1345 1499 1411 iniucundum
1539 1349 1586 1394 in
1624 1344 1784 1410 apertis
1826 1347 2012 1409 campis.
2083 1316 2298 1394 Similiter

310 1412 496 1469 faciunt,
533 1413 699 1476 quibus
727 1410 986 1476 jucundum
1026 1411 1113 1462 fuit
1148 1413 1414 1460 clandestine
1454 1412 1665 1468 infidiari,
1703 1413 1819 1459 acin
1845 1411 2104 1459 abscondito
2128 1412 2297 1459 machi-

313 1479 405 1527 nari
429 1479 593 1535 dolos,
629 1479 674 1526 hi
699 1493 890 1541 quoque)
906 1480 951 1533 in
978 1480 1147 1544 cryptis
1169 1479 1254 1526 illis
1266 1479 1421 1535 sunt,
1430 1494 1478 1526 ac
1503 1480 1666 1526 intrant
1689 1493 1880 1525 cameras
1904 1479 1972 1524 ita
1985 1478 2206 1554 obscuras,
2243 1491 2295 1526 ut

314 1563 369 1593 ne
393 1540 579 1608 quidem
603 1560 721 1592 unus
742 1544 936 1592 alterum
950 1546 1142 1602 videat,
1152 1561 1221 1595 ac
1228 1542 1274 1592 in
1296 1545 1471 1607 angulis
1501 1544 1760 1592 susurrant
1749 1561 1797 1591 1n
1828 1559 1982 1599 aures;
2017 1545 2064 1591 in
2087 1543 2172 1592 hoc
2195 1559 2301 1591 ver-

301 1613 423 1662 fitur
457 1609 738 1674 jucundum
757 1612 920 1661 amoris
959 1610 1155 1658 illorum
1224 1600 1323 1670 Qui
1355 1610 1544 1658 scientiis
1578 1609 1859 1666 studuerunt,
1893 1604 2057 1672 absque
2089 1610 2187 1658 alio
2208 1609 2298 1684 fine

309 1693 459 1752 quam.
475 1689 525 1724 ut
548 1677 687 1723 docti
695 1669 918 1732 audiant,
930 1676 978 1722 ὅτ
1003 1677 1083 1739 qui
1118 1679 1209 1724 non
1238 1675 1540 1723 excoluerunt
1573 1676 1782 1723 rationale
1811 1691 1890 1739 per
1923 1675 2034 1731 illas,
2069 1674 2152 1722 &
2136 1691 2299 1744 Jucun-

310 1744 459 1795 dum'
450 1758 494 1791 m
517 1742 648 1791 rebus
671 1742 906 1796 memoriae
926 1757 984 1789 ex
998 1740 1118 1789 fastu
1142 1741 1247 1794 inde
1279 1754 1527 1798 traxerunt,
1540 1741 1621 1788 illi
1653 1753 1804 1789 amant
1837 1741 1934 1798 loca
1966 1742 2155 1798 arenosa,
2190 1757 2298 1805 quae

307 1809 484 1872 eligunt
506 1823 603 1872 prae
623 1805 946 1870 campestribus
967 1807 1018 1855 ὅτ
1041 1807 1318 1863 hortulanis;
1353 1809 1462 1871 quia
1483 1805 1660 1855 arenosa
1683 1808 1843 1855 talibus
1864 1796 2020 1854 studiis
2042 1807 2299 1871 correspon-

310 1875 434 1924 dent.
496 1874 601 1932 Qui
634 1875 680 1920 in
716 1872 903 1927 scientia
926 1872 1271 1921 doctrinalium'
1289 1873 1379 1921 suae
1416 1872 1630 1922 Eccleliae
1665 1874 1715 1921 &
1750 1872 1940 1921 aliarum
1978 1871 2179 1937 fuerunt,
2218 1889 2299 1921 nec

310 1942 558 2005 quicquam
603 1938 917 2003 applicuerunt
958 1940 1087 1995 vitae,
1135 1939 1200 1987 illi
1241 1939 1414 2003 petrosa
1455 1939 1536 1986 fibi
1578 1939 1768 2003 eligunt,
1817 1941 1889 1987 &
1907 1940 2021 1986 inter
2066 1941 2298 2002 congeries

307 2007 453 2058 saxeas
474 2005 688 2061 habitant,
712 2005 810 2070 loca
829 2005 1008 2053 exculta
1029 2003 1232 2069 fugiunt,
1244 2006 1360 2070 quia
1379 1993 1640 2053 aversationi
1661 2005 1776 2054 sunt.
1828 2006 1927 2069 Qi
1949 2007 2103 2053 omnia
2125 2012 2303 2054 naturae

307 2073 594 2127 addixerunt,
622 2073 678 2119 &
710 2067 894 2134 quoque
929 2070 1011 2135 qui
1048 2072 1203 2118 omnia
1238 2071 1492 2135 prudentiae
1531 2073 1742 2135 propriae,
1778 2087 1829 2118 ac
1853 2087 1932 2134 per
1952 2073 2095 2119 varias
2116 2084 2229 2119 artes
2252 2071 2295 2120 se

298 2150 550 2191 evexerunt
572 2137 628 2184 ad
653 2137 859 2194 honores,
895 2138 945 2184 δε
969 2137 1126 2192 lucrati
1158 2137 1260 2184 sunt
1294 2153 1420 2201 opes,
1455 2136 1624 2185 artibus
1649 2137 1852 2200 magicis,
1885 2151 1992 2200 quae
2015 2135 2115 2184 sunt
2136 2136 2298 2184 abusus

307 2205 480 2252 ordinis
502 2204 678 2259 Divini,
715 2204 758 2249 in
794 2204 926 2251 altera
947 2204 1042 2251 vi'ta
1077 2202 1272 2260 student,
1308 2205 1353 2249 in
1393 2203 1559 2267 quibus
1589 2201 1966 2267 jucundiffimum
2003 2204 2113 2250 vitae
2150 2205 2295 2266 perci-

309 2273 456 2334 piunt.
519 2269 596 2316 Illi
620 2271 699 2332 qui
722 2285 825 2316 vera
845 2269 1016 2320 Divina
1052 2269 1364 2333 applicuerunt
1398 2270 1483 2318 suis
1520 2269 1766 2326 amoribus,
1802 2270 1851 2316 &
1885 2268 1942 2316 fic
1981 2268 2055 2316 illa
2094 2267 2293 2318 falfificass

310 2349 489 2391 verunt,
526 2348 674 2384 amant
693 2334 883 2393 minoia,
911 2336 1024 2398 quia
1060 2334 1233 2383 urinosa
1266 2335 1611 2400 correspondent
1640 2334 1858 2400 jucundis
1887 2335 1985 2382 talis
2007 2337 2170 2383 amoris
2195 2338 2290 2397 (u).

310 2402 382 2449 Illi
420 2403 500 2464 qui
539 2399 715 2450 sordide
748 2403 865 2449 avari
906 2400 1103 2458 fuerunt,
1139 2401 1383 2450 habitant'
1373 2419 1418 2449 m
1453 2402 1592 2460 cellis,
1629 2403 1679 2450 &
1702 2413 1852 2449 amant
1876 2400 2024 2448 sordes
2050 2400 2210 2459 suillaS,
2245 2402 2296 2449 ὅτ

307 2484 490 2532 quoque
530 2466 748 2523 nidorosa,
783 2467 944 2530 qualia
966 2468 1228 2515 exhalantur
1264 2483 1322 2515 ex
1360 2468 1589 2532 indigestis
1623 2468 1873 2515 ventriculi.
1947 2467 2046 2528 Qi
2079 2468 2126 2514 in
2162 2469 2313 2514 meris-

310 2549 386 2581 VQ
376 2534 620 2596 uptatibus
652 2545 897 2595 exegerunt
933 2534 1092 2589 vitam,
1129 2549 1177 2580 ac
1217 2533 1402 2581 delicate
1436 2537 1664 2591 vixerunt,
1700 2549 1750 2581 ac
1788 2531 2065 2580 indulserunt
2102 2533 2224 2596 gulae
2247 2534 2304 2581 δε

311 2604 471 2654 ventri,
508 2610 718 2648 amantes
728 2599 800 2647 illa
825 2612 873 2646 ut
897 2595 1129 2647 summum
1151 2600 1262 2647 vitae
1286 2600 1478 2657 bonum,
1515 2600 1578 2647 illi
1616 2602 1660 2647 in
1701 2600 1835 2647 altera
1854 2600 1947 2646 vita
1966 2599 2301 2648 excrementitia'

309 2669 363 2721 &
383 2666 564 2714 latrinis
583 2677 747 2720 amant,
783 2665 881 2713 haec
905 2677 1015 2713 tunc
1039 2666 1122 2712 illis
1145 2665 1426 2714 delecftationi
1449 2666 1583 2723 sunt,
1617 2681 1675 2714 ex
1697 2665 1840 2722 causa,
1873 2666 1980 2740 quia
1995 2658 2108 2712 tales
2128 2664 2297 2741 volup-

312 2743 420 2779 tates
459 2731 558 2777 sunt
598 2730 744 2777 iordes
784 2729 1061 2794 spirituales,
1098 2731 1195 2779 loca
1229 2732 1398 2779 munda
1419 2733 1469 2780 ὅτ
1493 2731 1692 2779 sordium
1726 2731 1922 2794 expertia
1954 2727 2155 2807 fugiunt,
2191 2732 2300 2794 quia

312 2796 441 2854 illis'
414 2796 580 2862 =injue..
571 2798 674 2844 nda
709 2796 826 2844 sunt.
897 2797 982 2853 Illi,
1013 2798 1098 2860 qui
1133 2798 1178 2844 in
1217 2798 1443 2845 adulteriis
1479 2796 1740 2859 jucundum
1773 2810 2003 2860 ceperunt,
2040 2798 2087 2844 in
2122 2797 2300 2859 lupina-

313 2842 436 2909 ribus
453 2866 645 2929 degunt,
666 2863 760 2909 ·ubi
796 2862 970 2909 sordida
1005 2863 1053 2910 δε
1087 2861 1301 2927 squallida
1332 2865 1519 2920 omnia,
1555 2865 1652 2911 haec
1688 2875 1852 2920 amant,
1887 2879 1938 2910 ac
1972 2862 2106 2974 casta}
2134 2863 2302 2912 domos

507 2956 510 2958 v
2103 2930 2304 2992 ugiunt·,

375 3073 439 3128 (t)
472 3071 597 3125 Qod
634 3075 810 3119 foramen
848 3076 885 3116 δε
918 3074 1052 3116 fissura
1085 3084 1227 3130 petrae
1240 3077 1282 3118 in
1303 3075 1440 3118 Verbo
1467 3075 1666 3131 significet
1696 3078 1910 3119 obscurum
1945 3076 1984 3119 &
2017 3076 2154 3118 falsum
2186 3075 2307 3127 fidei,

362 3129 551 3184 :.1o582
608 3128 726 3194 Qia
740 3133 854 3178 Petra
887 3133 910 3172 Γ
901 3132 1078 3188 gnificat
1112 3132 1231 3177 fidem
1269 3133 1515 3184 aDomino,
1546 3147 1605 3176 n:
1611 3136 1758 3190 8581.
1784 3136 1951 3191 10580:
1983 3134 2137 3189 &lapis
2157 3147 2304 3177 vetum

315 3186 425 3235 fidei,
457 3200 512 3228 n:
539 3189 633 3240 114.
655 3188 894 3246 64321298.
915 3203 1041 3247 3720.
1062 3190 1185 3256 6426.
1205 3189 1332 3232 8608.
1356 3190 1509 3256 10376.

376 3243 400 3299 ζ
403 3247 450 3302 u)
482 3243 615 3300 Qud
626 3247 969 3299 conspurcationes
993 3248 1073 3291 veri
1094 3247 1425 3302 correspondeant
1451 3245 1605 3299 urinae,
1623 3260 1676 3291 n·
1698 3260 1833 3306 5390
