2546 3786
555 248 681 310 Dr.
741 243 1115 334 COELO
1175 260 1273 306 ΕΤ
1327 241 1935 331 INFERNO.
2116 273 2240 337 17¹1
2325 267 2328 269 ’

257 393 311 429 ut
339 379 516 446 spiritus
546 380 628 444 qui
665 379 713 427 in
742 377 916 444 insertio
952 373 1016 422 est
1051 391 1108 423 ne
1144 375 1332 440 quidem
1363 376 1475 424 aufit
1512 375 1670 440 ejicere
1703 378 1808 427 inde
1845 394 1990 428 unum
2024 379 2242 445 digitum,

258 461 335 496 aut
356 448 525 496 elevare
563 445 797 511 summurn
818 442 994 504 capitis,
1033 457 1139 488 nam
1163 442 1434 506 quantillum
1469 441 1591 508 ejicit
1626 455 1703 491 aut
1737 445 1898 503 elevat,
1939 459 2174 512 torquetur
2194 448 2246 497 δε

259 515 483 562 cruciatur
503 532 514 561 2
563 513 649 561 hoc
670 518 858 573 quoque
878 507 1037 572 saepius
1060 508 1210 556 visum
1233 507 1310 556 est.

325 597 437 639 401.
478 576 646 627 Homo'
661 574 745 638 qui
779 575 826 621 in
866 590 1020 622 amore
1059 574 1123 622 sui
1163 575 1212 622 &
1237 574 1400 623 mundi
1438 574 1517 632 est,
1555 575 1776 640 quamdiu
1815 578 1862 625 in
1900 593 2088 643 corpore
2110 579 2245 637 vivit,

257 644 386 694 sentit
411 643 669 709 jucundum
705 655 764 687 ex
803 640 907 697 illiS,
945 642 992 688 δε
1017 656 1203 705 quoque
1242 643 1290 689 in
1326 641 1510 705 singulis
1542 643 1856 706 voluptatibus
1899 659 2007 708 quae
2046 644 2149 692 sunt
2183 661 2243 693 ex

256 712 373 760 i-llis:
419 713 559 759 homo
577 718 729 755 autem
754 707 835 771 qui
858 707 904 754 in
928 722 1082 754 amore
1105 709 1151 755 in
1172 708 1328 755 Deum
1362 709 1412 755 &
1437 709 1482 755 in
1517 724 1669 757 amore
1713 725 1821 773 erga
1855 712 2121 774 proximum
2159 711 2240 767 est,

256 776 475 842 quamdiu
514 774 561 820 in
597 772 787 836 corpore
825 774 961 830 vivit,
1002 788 1094 821 non
1133 773 1262 821 sentit
1306 771 1535 821 manifeste
1564 772 1826 837 jucundum
1866 792 1924 824 ex
1963 777 2065 835 illis,
2106 777 2156 826 δε
2186 783 2244 825 ex

254 839 559 892 affeffionibus
592 839 720 888 bonis
743 855 850 903 quae
874 839 976 886 sunt
997 855 1054 886 ex
1079 839 1182 896 illis,
1223 839 1297 886 sed
1324 839 1468 886 modo
1490 839 1671 888 beatum
1703 857 1834 904 paene
1867 843 2240 908 imperceptibile,

251 909 357 972 quia
386 907 671 954 reconditum
695 904 759 953 est
795 906 843 953 in
874 905 1158 952 interioribus
1186 902 1300 967 ejus,
1340 904 1674 953 &obvelatum
1714 907 1770 954 ab
1805 910 2098 958 exterioribus
2132 926 2240 974 quae

249 974 353 1021 sunt
372 974 589 1037 corporis,
626 975 676 1021 ὅτ
713 982 794 1035 per
826 986 957 1019 curas
997 971 1160 1018 mundi
1197 970 1487 1018 hebetatum:
1536 982 1580 1017 at
1620 985 1853 1025 mutantur
1885 975 2062 1037 prorsus
2105 976 2240 1024 status

247 1038 349 1104 post
374 1053 601 1094 mortem·,
640 1036 846 1102 jucunda
869 1038 1036 1085 amoris
1066 1036 1131 1084 sui
1165 1037 1214 1085 ὅτ
1240 1036 1402 1084 mundi
1425 1046 1665 1085 vertuntur
1687 1050 1797 1086 tunc
1834 1041 1881 1086 in
1920 1040 2151 1090 dolorifica
2187 1058 2238 1090 ac

247 1106 359 1162 dira,
412 1108 519 1168 quia
557 1106 605 1152 in
650 1105 754 1158 talia
787 1119 894 1168 quae
932 1116 1154 1152 vocantur
1191 1104 1310 1167 ignis
1344 1100 1584 1161 infernaliS,
1628 1104 1679 1151 ὅτ
1717 1120 1799 1167 per
1837 1105 1957 1153 vices
1998 1109 2044 1154 in
2083 1108 2249 1171 spurca:

248 1176 298 1223 &
322 1172 499 1219 sordida
537 1170 790 1218 immundis
828 1170 1014 1218 illorum
1049 1170 1358 1235 voluptatibus
1399 1170 1804 1233 correspondentia,
1839 1187 1949 1235 quae
1981 1184 2092 1221 tunc
2130 1174 2247 1230 illis,

247 1239 374 1302 quod
412 1239 599 1294 mirum,
630 1235 835 1301 jucunda
872 1235 1004 1285 sunt:
1054 1236 1148 1286 Sed
1183 1234 1438 1297 jucundum
1486 1235 1747 1294 obscurum,
1788 1253 1838 1285 ac
1863 1238 2063 1288 ‚beatum
2097 1240 2238 1302 ‘'paene

248 1303 622 1369 imperceptibile,
667 1303 795 1367 quod
818 1301 961 1351 fuerat
999 1303 1122 1369 apud
1158 1303 1257 1351 illos
1302 1303 1350 1351 in
1387 1302 1581 1359 mundo,
1622 1304 1703 1367 qui
1742 1304 1788 1351 in
1826 1320 1978 1353 amore
2017 1307 2062 1353 in
2086 1307 2242 1354 Deum

247 1373 297 1420 &
322 1373 366 1419 in
391 1386 544 1419 amore
567 1385 673 1433 erga
695 1371 963 1434 proximum
986 1367 1187 1426 fuerunt,
1228 1370 1419 1423 vertitur
1447 1380 1556 1417 tunc
1587 1370 1634 1416 in
1656 1366 1912 1432 jucundum
1928 1372 2069 1429 Coeli,
2109 1373 2240 1435 quod

246 1437 465 1486 omnibus
501 1437 650 1484 modis
684 1435 972 1501 perceptibile
1005 1436 1055 1484 &
1077 1435 1272 1483 sensibile
1305 1435 1389 1491 fit;
1439 1435 1485 1481 id
1514 1434 1636 1484 enim
1676 1435 1877 1493 beatum,
1923 1438 2050 1502 quod
2085 1453 2241 1486 recon-

249 1505 400 1551 ditum
440 1504 570 1551 latuit
603 1504 650 1550 in
685 1502 987 1559 interioribus,
1032 1517 1140 1550 cum
1180 1502 1395 1549 vixerunt
1435 1501 1482 1548 in
1518 1502 1711 1558 mundo,
1755 1503 1977 1551 revelatur
2025 1516 2135 1552 tunc
2190 1520 2251 1552 ac·

247 1573 470 1618 emittitur
491 1571 537 1616 in
563 1566 849 1617 manifestum
873 1567 1065 1626 sensum,
1105 1568 1211 1631 quia
1246 1568 1292 1615 in
1330 1565 1489 1631 spiritu
1523 1579 1632 1615 tunc
1656 1566 1775 1626 sunt,
1818 1569 1868 1616 &
1902 1568 1950 1616 id
1977 1568 2246 1633 jucundum:

250 1633 611 1699 eorum'spiritus
634 1632 742 1682 fuit..

313 1717 427 1763 402.
462 1700 637 1748 Omnia
661 1697 868 1763 jucunda
906 1698 1033 1746 Coeli
1072 1696 1311 1762 conjunCta
1351 1696 1453 1746 sunt
1503 1714 1554 1747 ac
1593 1698 1744 1747 insunt
1779 1699 1948 1758 ufibus,
1994 1701 2102 1766 quia
2139 1701 2247 1751 usus>

247 1766 350 1816 funt
371 1767 487 1816 bona
510 1766 748 1814 amoris&
771 1764 1016 1822 charitatis,
1045 1765 1094 1812 in
1125 1764 1295 1828 quibus
1319 1763 1422 1813 sunt
1443 1764 1615 1829 Angeli
1636 1787 1651 1822 ;
1697 1779 1973 1831 quapropter
2007 1768 2110 1817 talia
2146 1771 2244 1817 cui·

246 1835 358 1882 libet
384 1833 588 1898 jucunda
609 1831 729 1888 sunt,
774 1831 927 1895 quales
958 1829 1062 1879 sunt
1092 1830 1214 1889 usuS,
1249 1832 1300 1879 ὅτ
1323 1846 1507 1895 quoque
1541 1833 1590 1879 in
1625 1831 1701 1880 tali
1733 1833 1896 1898 gradu,
1935 1835 1983 1882 in
2018 1833 2144 1897 quali
2175 1835 2241 1884 est

247 1901 425 1948 affeffio
448 1900 566 1947 usus.
633 1897 783 1962 Qiod
815 1898 970 1945 omnia
996 1895 1203 1960 jucunda
1230 1897 1342 1949 coeli
1377 1897 1463 1945 sint
1494 1895 1701 1962 jucunda
1717 1898 1837 1957 usus,
1874 1900 2073 1949 conflare
2094 1901 2244 1965 penest

247 1981 305 2015 ex
328 1966 664 2030 comparatione
685 1979 795 2012 cum
818 1965 1020 2028 quinque
1054 1964 1257 2028 corporis
1294 1962 1488 2011 sensibus
1528 1963 1650 2028 apud
1673 1962 1943 2022 hominem;
1984 1966 2144 2015 datum
2174 1966 2245 2016 'est

249 2035 398 2080 cuivis
416 2031 557 2078 sensui
583 2029 847 2094 jucundum
871 2029 1120 2078 secundum
1142 2028 1239 2092 ejus
1263 2028 1412 2087 usum,
1449 2028 1564 2078 visusi
1585 2029 1715 2078 suum
1742 2028 2026 2094 jucundum,
2067 2033 2242 2082 auditui

248 2099 398 2155 suum,
445 2095 628 2145 olfactui
650 2095 800 2152 suum,
829 2094 983 2159 gustui
1013 2094 1164 2153 suum,
1186 2096 1400 2143 &tafiui
1422 2094 1553 2142 suum
1575 2117 1591 2150 3
1626 2095 1742 2142 visui
1763 2094 2026 2160 jucundum
2062 2116 2120 2146 ex
2140 2102 2244 2163 pul·

249 2164 502 2222 ebritudine
538 2164 588 2211 δε
625 2160 804 2219 formis,
841 2161 1016 2209 auditui
1034 2177 1097 2209 ex
1121 2161 1381 2218 harmoniis,
1417 2159 1605 2209 olfaftui
1627 2177 1684 2208 ex
1707 2161 1959 2221 odoriferis,
2001 2164 2152 2228 gustui
2186 2183 2242 2214 ex

249 2231 408 2295 sapidis
429 2225 449 2285 ;⁴
489 2228 612 2285 usus,
644 2245 761 2292 quos
785 2227 949 2292 singuli
970 2227 1201 2291 praestant,
1244 2228 1405 2285 sciunt,
1440 2229 1521 2292 qui
1555 2227 1837 2292 expendunt,
1876 2231 1927 2278 ὅτ
1950 2230 2126 2295 plenius
2161 2237 2243 2296 qui

248 2295 658 2360 comespondentias
696 2308 899 2350 norunt3
946 2293 1072 2359 quod
1109 2293 1225 2342 visui
1264 2294 1353 2342 >tale
1386 2292 1649 2359 jucundum
1679 2293 1749 2352 fit,
1781 2294 1848 2342 est
1885 2311 1941 2343 ex
1981 2298 2061 2344 usu
2101 2315 2242 2362 quem

247 2362 428 2429 praestat
437 2360 700 2418 intellectui,
723 2363 804 2425 qui
820 2360 882 2409 ὤ
899 2359 1018 2408 visus
1040 2362 1238 2421 internus
1258 2382 1274 2417 ς
1292 2361 1424 2424 quod
1440 2360 1617 2408 auditui
1630 2359 1716 2408 tale
1729 2359 1992 2425 jucundum
2017 2363 2086 2422 fit,
2108 2365 2172 2412 est
2188 2381 2253 2413 ex.

249 2428 331 2476 usu
353 2444 491 2491 quem
517 2426 770 2491 praestat-1&
796 2425 1040 2475 intellectui
1065 2429 1114 2475 δε
1137 2427 1362 2475 voluntati
1380 2443 1464 2492 per
1485 2426 1880 2485 auscultationem,
1916 2429 2042 2493 quod
2059 2429 2253 2486 olfactui:

250 2497 336 2543 tale
351 2494 613 2559 jucundum
636 2494 705 2550 fit,
729 2492 792 2541 est
813 2509 869 2541 ex
893 2492 974 2540 usu
997 2509 1136 2557 quem
1159 2492 1341 2558 praestat
1363 2493 1548 2547 cerebro
1570 2494 1621 2541 &
1640 2509 1824 2559 quoque
1842 2496 2082 2559 pul·moni;
2117 2499 2247 2561 quod

254 2562 405 2626 gustui
430 2560 514 2608 tale
527 2558 788 2624 jucundum
819 2559 888 2616 fit,
927 2560 989 2608 est
1012 2576 1069 2607 ex
1093 2560 1173 2608 usu
1190 2575 1336 2625 quem
1360 2560 1542 2625 praestat
1562 2562 1887 2609 ventriculo&
1911 2563 2016 2611 inde
2037 2564 2255 2612 universo>

255 2629 450 2685 corpori,
488 2627 727 2674 nutriendo
750 2626 897 2680 illud;
926 2623 1187 2690 jucundum
1221 2625 1491 2692 conjugiale,
1525 2627 1653 2691 quod
1691 2626 1756 2674 est
1783 2626 2047 2692 jucundum
2086 2631 2253 2693 purius«

252 2698 299 2743 &
323 2690 582 2757 exquisitius
617 2693 778 2749 taetus,
813 2693 1092 2756 praestantius
1114 2693 1178 2741 est
1200 2693 1414 2742 omnibus
1437 2694 1522 2740 illis
1543 2693 1604 2740 ob
1625 2693 1774 2750 usum,
1810 2695 1889 2756 qui
1911 2694 1975 2741 est
1996 2699 2255 2757 procreatio

253 2762 439 2809 Generis
464 2759 666 2814 humani,
694 2760 751 2806 -&
775 2758 880 2805 inde
905 2759 1194 2822 Angelorum
1228 2760 1351 2807 coeli.
1424 2760 1547 2808 Haec
1583 2757 1782 2820 jucunda
1821 2761 1906 2807 illis
1944 2759 2136 2809 sensoriis
2173 2765 2242 2811 in-

256 2828 356 2874 sunt
378 2842 433 2874 ex
457 2827 629 2872 influxu
647 2825 799 2879 Coeli,
836 2823 1073 2872 ubi-omne
1088 2823 1350 2888 jucund-um
1371 2824 1436 2872 est
1459 2823 1578 2880 usus,
1615 2825 1665 2871 &
1687 2823 1934 2873 secundum
1958 2826 2105 2876 usum.

322 2907 432 2955 403,
470 2892 675 2951 Quidam
699 2889 876 2954 spiritus
898 2907 958 2938 ex
977 2892 1188 2955 opinione
1215 2893 1261 2938 in
1286 2891 1462 2939 mundo
1484 2903 1614 2954 capta
1642 2891 1954 2949 crediderunt,
1980 2896 2106 2957 quod
2146 2894 2244 2945 feli-

258 2960 365 3006 citas
388 2957 579 3023 coelestis
603 2956 853 3004 consisteret
872 2958 918 3004 in
942 2959 1035 3005 vita
1056 2958 1210 3015 otiosa,
1245 2959 1290 3004 in
1310 2974 1400 3021 qua
1421 2957 1665 3005 serviantur
1686 2958 1741 3005 ab
1763 2958 1875 3015 aliis,
1911 2960 1982 3007 sed
2025 2962 2110 3009 illis
2143 2963 2241 3011 dic-

258 3039 357 3072 tum
389 3022 467 3079 est,
501 3024 627 3085 quod
662 3022 879 3086 nusquam
912 3023 1060 3086 aliqua
1096 3023 1280 3072 felicitas
1311 3024 1518 3073 consistat
1550 3025 1597 3071 in
1629 3040 1684 3072 eo
1715 3036 1765 3071 ut
1787 3025 2027 3088 quiescant,
2065 3030 2112 3076 &
2140 3030 2242 3078 inde

258 3092 445 3138 habeant
467 3086 749 3146 felicitatem„
779 3092 838 3136 ita
875 3088 1060 3152 quisque
1082 3091 1217 3139 vellet
1253 3085 1412 3139 habere
1450 3089 1704 3138 felicitatem
1745 3091 1936 3138 aliorum
1977 3109 2059 3155 pro
2099 3094 2155 3150 se,
2192 3098 2240 3143 δε

259 3173 366 3203 cum
390 3153 594 3216 quisque,
629 3156 776 3202 nullus
801 3155 1010 3211 haberet;
1047 3156 1145 3203 talis
1182 3157 1277 3203 vita
1314 3154 1433 3204 foret
1469 3173 1559 3205 non
1595 3157 1737 3204 activa
1779 3157 1850 3205 sed
1889 3159 2045 3216 otiosa,
2081 3161 2124 3206 in
2148 3175 2245 3222 qua-

265 3221 563 3286 torpescerent
579 3239 603 3275 3.
629 3234 736 3269 cum
759 3233 910 3272 tamen
933 3234 1093 3271 not-um
1119 3223 1172 3271 iis
1194 3221 1276 3271 effe
1299 3223 1447 3284 poffit,
1471 3222 1608 3287 ‘quod
1637 3221 1798 3287 absque
1822 3223 1914 3272 vita
1946 3226 2086 3273 aestiva
2122 3220 2243 3274 nulla

1260 3288 1305 3334 Y
1344 3304 1372 3336 2.
2135 3292 2255 3340 vitae
2309 3288 2316 3291 Α
