2546 3786
554 243 681 309 Da
738 240 1116 310 ΟΟΕἸᾸΟἰ
1168 239 1916 310 nr-INFERN'O.
2142 267 2231 330 29

251 372 369 442 bona
403 373 449 424 in
490 375 734 439 complexu
749 376 918 440 (xxmg
957 372 1167 435 [mensura
1205 372 1269 424 est
1306 374 1438 439 quale
1470 373 1565 440 ejus
1585 379 1741 439 (2993
1785 375 1928 423 homo
1961 371 2025 423 est
2061 373 2107 421 in
2137 389 2233 436 quo

247 442 402 490 omnia
423 439 498 490 illa
518 442 565 489 in
588 440 827 494 communi
846 440 896 488 δε
919 439 967 488 in
988 452 1131 504 parte,
1174 441 1234 488 ita
1257 442 1303 488 in
1324 457 1420 504 quo
1441 443 1617 490 coelum
1638 465 1652 498 ;
1691 443 1741 491 &
1763 443 1869 504 quia
1889 440 2074 505 angelus
2097 440 2231 487 etiam

245 508 311 556 est
333 509 474 556 homo
496 524 551 556 ex
574 508 693 564 illis?
709 502 813 553 ideo
834 505 1002 554 dieitur
1020 506 1222 555 mensura
1245 507 1441 557 hominis
1463 524 1570 572 quae
1590 507 1655 557 est
1674 507 1847 572 angeli:
1882 507 1955 555 hic
1979 505 2121 554 sensus
2144 504 2232 569 spi-

247 574 416 623 ritualis
453 572 525 626 est-
546 568 726 620 illorum
749 571 993 620 verborum
1014 590 1027 621 z
1074 574 1176 636 quis
1197 571 1359 636 absque
1382 574 1462 622 illo
1485 574 1607 623 sensu
1631 574 1936 622 intellesturus
1958 573 2078 630 effet,
2101 570 2229 636 quod

248 652 406 689 murus
428 637 586 705 sanstae
608 637 944 701 Hierolblyrnae
964 638 1068 686 effet
1092 638 1292 687 mensura
1315 640 1511 688 ho'minis
1531 655 1639 704 quae
1662 639 1831 703 Angeli
1850 642 2010 700 (zzz).

319 722 395 771 74.
428 701 516 751 sed
540 718 660 750 nunc
683 703 739 750 ad
762 705 1114 768 experientiam:
1150 706 1275 769 quod
1293 706 1464 770 Angeli
1486 706 1572 754 fint
1602 705 1766 754 formae
1800 706 2012 753 humanae
2046 704 2118 753 seu
2148 703 2231 752 ho-

248 773 405 827 miness
444 769 532 816 hoc
557 768 717 816 millies
742 771 851 817 mihi
873 770 1021 818 visum
1045 771 1139 827 est;
1180 772 1395 835 loquutus
1434 774 1557 819 enim
1589 771 1686 819 sum
1712 787 1820 820 cum
1845 772 1930 819 illis
1953 772 2065 819 ficut
2091 771 2252 818 homo»

230 839 376 890 vcum-
394 835 594 891 homine,
635 837 911 900 quandoque
946 848 1053 884 eum
1080 851 1190 892 uno,
1233 837 1505 900 quandoque
1528 853 1636 884 cum
1661 837 1869 900 pluribus
1903 839 1960 885 in·
1983 837 2244 893 consortio,-

221 899 329 953 'nec
349 902 594 966 quicquam
618 901 828 949 differens
850 902 907 949 ab
929 903 1114 951 homine
1135 903 1287 966 quoad
1309 901 1505 952 formam
1529 903 1651 966 apud
1677 901 1778 949 illos
1799 904 1896 949 vidi
1916 925 1931 958 3
1966 905 2020 956 r&
2045 905 2246 950 miratus·

243 967 343 1017 sutri
367 967 601 1031 aliquoties
622 967 748 1032 quod
772 968 879 1016 tales
912 968 1078 1017 effent:
1127 970 1176 1016 &
1200 985 1255 1016 ne
1278 969 1502 1016 diceretur
1523 968 1655 1032 quod-
1682 967 1788 1015 effet
1818 966 1995 1015 fallacia·
2012 981 2087 1016 aut
2115 968 2247 1015 visio*

242 1034 503 1100 phantasiae,
543 1034 702 1082 datum
739 1034 801 1082 est
839 1034 938 1081 illos
961 1034 1116 1082 videre
1152 1036 1198 1082 in
1241 1035 1372 1099 plena
1394 1035 1567 1098 vigilia,
1613 1033 1685 1081 seu
1710 1049 1816 1081 cum
1853 1050 1975 1081 eram
2014 1035 2058 1081 in
2101 1035 2228 1081 omni

243 1101 364 1166 sensu
389 1101 605 1163 corporis,
630 1101 677 1147 &
703 1101 748 1147 in
773 1100 886 1148 statu
909 1102 1038 1148 clarae
1062 1103 1374 1165 perceptionis.
1423 1102 1600 1165 Saepius
1621 1102 1754 1148 etiam
1780 1101 1951 1147 narravi
1974 1100 2075 1157 illis,
2101 1100 2227 1163 quod

243 1168 449 1215 homines
474 1170 520 1213 in
542 1166 794 1213 Christiano
828 1167 937 1214 orbe
970 1169 1017 1214 in
1049 1183 1168 1215 caeca
1202 1169 1277 1215 tali
1314 1169 1564 1231 ignorantia
1586 1167 1672 1215 lint
1705 1167 1761 1214 de
1786 1166 1979 1230 Angelis
2014 1170 2061 1215 ὅτ.
2084 1167 2228 1229 Spiri-

243 1234 383 1290 tibus‚
418 1245 469 1280 ut
491 1232 673 1281 credant
695 1232 793 1280 illos
817 1233 900 1280 effe
923 1235 1105 1299 Mentes
1139 1233 1302 1298 absque
1341 1233 1506 1291 forma,
1547 1249 1598 1280 ac
1633 1248 1772 1297 puras
1811 1233 2124 1296 cogitationes,
2169 1232 2227 1280 de

241 1300 408 1366 quibus
430 1297 1051 1356 non-aliam-ideamhabent,
1092 1316 1230 1363 quarn
1264 1300 1376 1349 sicut
1420 1301 1477 1347 de
1512 1300 1706 1347 aethereo
1744 1301 1793 1357 in
1829 1315 1926 1363 quo
1959 1298 2129 1354 vitale;
2176 1299 2226 1346 &

240 1369 353 1432 quia
369 1366 427 1413 fic
453 1365 664 1412 addicant
686 1365 772 1412 illis
806 1365 918 1413 nihil
941 1366 1149 1413 hominis
1176 1378 1338 1430 praeter
1375 1368 1694 1430 cogitativum,
1736 1366 1928 1412 credunt
1965 1365 2090 1428 quod
2132 1380 2224 1412 non

241 1435 425 1481 videant
456 1432 560 1495 quia
584 1447 673 1479 non
696 1431 757 1478 eis
779 1431 917 1489 oculi,
956 1447 1047 1480 non
1071 1433 1251 1479 audiant
1278 1433 1382 1496 quia
1407 1449 1497 1480 non
1532 1433 1593 1480 eis
1616 1447 1756 1488 aures,
1774 1471 1776 1475 ,
1796 1432 1847 1478 &
1869 1447 1961 1479 non
1983 1431 2248 1494 loquantur

244 1501 348 1563 quia
372 1513 462 1545 non
485 1499 545 1544 eis
570 1513 620 1544 os
642 1497 693 1544 δε
714 1497 885 1561 lingua.
955 1498 1037 1545 Ad
1073 1499 1172 1546 haec
1199 1499 1367 1561 Angeli
1398 1500 1626 1554 dixerunt,
1667 1497 1792 1561 quod
1818 1494 1953 1544 sciant
1976 1496 2102 1560 quod
2128 1496 2227 1544 talis

245 1567 356 1614 fides
379 1565 431 1612 fit
453 1563 607 1610 multis
642 1563 686 1608 in
707 1563 904 1621 mundo,
945 1565 995 1611 &
1017 1565 1145 1628 quod
1180 1575 1346 1626 regnet‘
1369 1564 1489 1628 apud
1513 1564 1748 1620 Eruditos,
1785 1563 1834 1610 &
1857 1579 2060 1626 quoque,
2098 1563 2226 1625 quod

240 1632 387 1680 mirati
412 1629 528 1686 sunt,
548 1628 668 1692 apud
685 1629 944 1678 Sacerdotes
965 1646 988 1676 τ’
1014 1630 1190 1678 causam
1214 1633 1348 1677 etiam
1374 1632 1601 1687 dixerunt,
1627 1630 1751 1693 quod
1778 1630 1976 1686 Eruditi‚
2001 1629 2080 1692 qui
2103 1641 2227 1676 ante-

241 1697 412 1763 fignani
426 1694 633 1753 suerunt,
673 1694 722 1742 ³&
746 1697 950 1759 primum
974 1697 1258 1745 excluserunt
1281 1696 1418 1744 talem
1442 1697 1587 1745 ideam
1609 1696 1666 1744 de
1683 1695 1878 1758 Angelis
1901 1695 1950 1742 &
1970 1694 2228 1758 Spiritibus‚

242 1761 587 1820 ex‘sensualibus
622 1764 791 1809 externi
814 1764 1011 1811 hominis
1032 1764 1090 1811 de
1111 1763 1197 1810 illis
1222 1765 1551 1825 cogitaverint3
1599 1764 1648 1810 &
1672 1763 1752 1826 qui
1787 1777 1845 1809 ex
1876 1761 1963 1808 illis
2003 1761 2224 1824 cogitant,

223 1824 290 1878 ·&
316 1847 405 1878 non
430 1845 486 1876 ex
509 1828 609 1875 luce
632 1830 856 1886 interiore,
897 1831 946 1877 &
967 1846 1024 1877 ex
1047 1830 1146 1877 idea
1179 1831 1417 1877 communi
1449 1845 1558 1894 quae
1594 1829 1718 1876 infita
1743 1829 1920 1885 cuivis,
1945 1843 2034 1875 non
2060 1829 2240 1891 poffint-

241 1894 365 1944 aliter
387 1911 523 1959 quam
550 1894 720 1956 fingere
751 1896 869 1951 talia,
909 1898 1126 1958 quoniam
1153 1894 1552 1943 sensualia-externi
1576 1895 1772 1942 hominis
1801 1910 1892 1941 non
1926 1895 2111 1957 capiunt
2140 1894 2226 1941 alia

238 1975 374 2025 quam
394 1975 504 2023 'quae
528 1961 642 2006 intra
665 1971 865 2006 naturam
897 1960 1015 2017 sunt,
1055 1977 1145 2007 non
1175 1973 1323 2008 autem
1349 1977 1455 2023 quae
1488 1961 1636 2023 supra,
1676 1961 1735 2006 ita
1759 1959 1868 2006 nihil
1898 1961 2142 2021 quicquam
2168 1961 2225 2008 de

239 2027 450 2092 spirituali
487 2025 663 2071 mundo
682 2027 792 2083 (a)¹:
827 2041 883 2071 ex
907 2025 974 2071 his
1000 2026 1316 2087 Antefignanis
1340 2038 1393 2072 ut
1415 2026 1605 2072 ducibus
1630 2025 1826 2073 derivata
1860 2025 1923 2071 est
1955 2023 2114 2070 falsitas
2143 2041 2223 2072 co-

239 2090 467 2158 gitationis
489 2090 546 2136 de
570 2089 763 2152 Angelis
797 2090 851 2137 ad
886 2090 1012 2147 alios,
1052 2092 1132 2154 qui
1155 2107 1211 2137 ex
1236 2091 1276 2138 se
1300 2106 1389 2138 non
1415 2091 1728 2153 cogitaverunt
1751 2089 1823 2136 sed
1847 2105 1905 2136 ex
1928 2089 2031 2145 illis,
2070 2091 2115 2136 &
2139 2093 2220 2153 qui

239 2159 419 2216 exfaliis
451 2158 655 2220 primum
680 2157 897 2218 cogitant,
937 2157 987 2204 ὅτ
1029 2155 1200 2204 faciunt
1229 2156 1319 2203 suae
1343 2157 1467 2214 fidei,
1504 2158 1557 2204 &-
1591 2155 1742 2220 postea
1774 2155 1848 2202 illa
1877 2153 1957 2202 suo
1993 2155 2220 2204 intellectu

239 2229 486 2278 intuentur,
527 2222 929 2285 aegre'poffunt‘ab
951 2222 1043 2269 illisv
1067 2223 1287 2279 recedere,
1325 2238 1462 2286 quare
1494 2223 1698 2286 plerique
1735 2220 2020 2285 acquiescunt
2042 2223 2089 2268 in
2111 2237 2223 2270 con»

238 2291 464 2340 firmando
487 2288 575 2336 illa.
644 2288 787 2335 Porro
811 2289 1036 2346 dixerunt,
1074 2290 1200 2352 quod
1227 2289 1449 2352 simplices
1480 2289 1570 2336 fide
1593 2290 1642 2336 &
1668 2288 1801 2335 corde
1837 2303 1928 2334 non
1959 2288 2104 2346 in-illa
2126 2289 2225 2337 idea

239 2358 297 2406 de
316 2356 513 2421 Angelis
537 2354 654 2411 fint,·
678 2353 752 2401 sed
775 2356 821 2402 in
845 2355 961 2403 idea.
980 2355 1037 2404 de
1073 2350 1170 2402 illis
1197 2355 1310 2403 ficut
1337 2357 1394 2403 de
1417 2354 1677 2404 hominibus
1714 2355 1839 2411 coeli,
1877 2369 1932 2403 ex
1955 2353 2082 2401 causa
2113 2358 2220 2417 quia

1868 2454 1875 2456 -
2131 2437 2223 2468 non

256 2510 259 2513 ’
298 2507 425 2562 (xxx)
457 2505 580 2560 Qod
609 2508 823 2548 duodecim
853 2507 930 2548 fint
959 2507 1095 2548 omnia
1117 2521 1209 2547 vera
1229 2508 1267 2548 &
1287 2517 1389 2548 nona
1410 2509 1450 2547 in
1480 2506 1711 2560 complexu,
1745 2521 1800 2546 n:
1821 2496 2221 2563 577.‘'2089.'2129.

238 2575 366 2622 2130.
390 2577 526 2622 3272:
547 2563 671 2620 3858.
697 2578 823 2621 3913.
855 2564 1045 2606 Similiter
1073 2564 1319 2618 septuaginta
1353 2565 1452 2613 duo,
1485 2564 1523 2604 δι
1547 2574 1709 2604 centum
1738 2564 1998 2619 quadraginta
2028 2575 2216 2617 quatuor-5

238 2623 428 2678 quoniam
465 2635 547 2675 144
579 2623 793 2678 exsurgunt
824 2637 877 2663 ex
915 2623 1127 2663 duodecim
1164 2625 1210 2662 in*
1241 2622 1279 2662 se
1309 2621 1597 2676 multiplicatis,
1646 2636 1698 2661 n:
1735 2634 1862 2678 7973.
1923 2620 2046 2672 Quod
2079 2636 2221 2663 omnes

239 2681 398 2723 numeri
426 2681 465 2720 in
487 2679 626 2721 Verbo
649 2678 874 2735 significent
894 2694 968 2729 res,
999 2693 1052 2720 n:
1073 2680 1173 2732 482.
1194 2680 1412 2746 487...642.
1436 2679 1650 2744 6483755.
1675 2680 1773 2745 {313-
1790 2678 1921 2744 ·1963.
1943 2677 2065 2743 1988.
2090 2692 2218 2736 ²075·

237 2749 550 2848 31²12{‚²1{01333,²'a
565 2738 710 2848 1333,ss
726 2736 1200 2848 {233301533150'25322'13
1222 2738 1692 2849 εὲῗνᾶῗξὲηέῗῗῖἷξῖῗξῖ
1710 2736 1839 2848 ἓξὲξ
1851 2735 2090 2849 ξῗέὲῗςξζξ
2097 2751 2220 2849 §⁰⁰¹-

235 2879 240 2885 -
296 2851 404 2908 (yyy)
435 2851 559 2906 Qod
579 2852 763 2893 mensura
782 2852 823 2893 in
845 2849 983 2892 Verbo
1002 2849 1196 2913 significet
1216 2852 1330 2905 quale
1353 2853 1408 2893 rei
1433 2852 1562 2905 quoad
1585 2865 1725 2891 verum
1746 2852 1784 2891 δι
1810 2851 1977 2900 bonum,
2010 2864 2063 2891 n:
2090 2864 2218 2907 3¹04·

236 2909 423 3021 96gz3zz)
455 2964 522 3008 De
551 2966 658 3008 sensu
689 2956 876 3020 spirituali
909 2966 974 3007 seu
1009 2966 1168 3008 interno
1187 2965 1331 3013 Verbi,
1362 2964 1453 3007 vide
1482 2964 1791 3020 explicationem
1823 2965 1872 3007 de
1903 2963 2021 3019 Equo
2055 2963 2149 3006 albo
2177 2966 2218 3007 in

236 3019 490 3077 Apocalypsi,
512 3024 551 3065 &
567 3025 843 3078 Appendicem
864 3023 913 3064 ad
930 3023 1170 3065 Dod'crinam
1191 3023 1433 3065 coelestem:

297 3080 371 3135 (a)
403 3078 525 3133 Qod
548 3082 670 3122 homo
689 3081 760 3122 nisi
783 3096 804 3121 a
823 3079 1059 3122 sensualibus
1078 3083 1233 3122 externi
1253 3082 1424 3122 hominis
1443 3079 1638 3130 elevetur,
1670 3094 1812 3134 parum
1832 3080 1967 3133 sapiat,
2003 3094 2028 3120 n
2049 3094 2056 3119 ε
2081 3081 2207 3135 5089.

238 3136 363 3190 Qod
383 3136 530 3189 sapiens
546 3138 669 3180 homo
697 3139 810 3192 supra
828 3137 1014 3180 sensualia
1032 3138 1097 3179 illa
1118 3139 1285 3194 cogitet,
1318 3152 1374 3179 n:
1400 3139 1528 3193 5089.
1551 3151 1680 3195 5094.
1739 3137 1850 3179 Cum
1883 3138 2060 3179 elevatur
2090 3141 2212 3178 homo

236 3197 351 3249 supra
381 3193 566 3234 sensualia
599 3196 680 3244 illa,
725 3196 832 3251 quod
865 3195 908 3235 in
940 3194 1079 3236 lumen
1114 3195 1257 3237 clarius
1291 3196 1442 3245 veniat,
1487 3196 1530 3237 &
1557 3197 1719 3237 tandem
1753 3196 1794 3236 in
1829 3196 1961 3236 lucem
1990 3194 2209 3239 coelestem,

236 3266 291 3294 n:
313 3251 439 3306 6183.
463 3249 589 3306 6313·
610 3252 737 3307 6315.
760 3265 889 3309 9407.
911 3266 1038 3310 9730.
1062 3266 1190 3311 9922.
1225 3268 1227 3270 ·
1251 3251 1380 3308 Qod·
1396 3253 1566 3299 elevatio
1585 3253 1624 3297 δι
1646 3253 1833 3298 εδόιιξὶίο
1852 3267 1873 3295 a
1892 3251 2120 3305 sensualibus
2141 3251 2220 3291 illia

240 3309 410 3365 antiquis
442 3320 539 3350 nota
571 3308 710 3359 fuerit,
744 3322 772 3351 n
795 3323 805 3351 :
830 3311 959 3368 6313.
