<?xml version="1.0" encoding="UTF-8"?>
<!DOCTYPE html PUBLIC "-//W3C//DTD XHTML 1.0 Transitional//EN"
    "http://www.w3.org/TR/xhtml1/DTD/xhtml1-transitional.dtd">
<html xmlns="http://www.w3.org/1999/xhtml" xml:lang="en" lang="en">
 <head>
  <title>
</title>
<meta http-equiv="Content-Type" content="text/html;charset=utf-8" />
  <meta name='ocr-system' content='tesseract 3.04.00' />
  <meta name='ocr-capabilities' content='ocr_page ocr_carea ocr_par ocr_line ocrx_word'/>
</head>
<body>
  <div class='ocr_page' id='page_1' title='image "./decoeloetejusmir00swed_0109.png"; bbox 0 0 2546 3786; ppageno 0'>
   <div class='ocr_carea' id='block_1_1' title="bbox 522 262 2189 360">
    <p class='ocr_par' dir='ltr' id='par_1_1' title="bbox 522 262 2189 360">
     <span class='ocr_line' id='line_1_1' title="bbox 522 262 2189 360; baseline -0.002 -29"><span class='ocrx_word' id='word_1_1' title='bbox 522 264 648 331; x_wconf 69' lang='lat' dir='ltr'>Du</span> <span class='ocrx_word' id='word_1_2' title='bbox 704 262 1073 360; x_wconf 86' lang='lat' dir='ltr'>COELO</span> <span class='ocrx_word' id='word_1_3' title='bbox 1141 262 1883 328; x_wconf 70' lang='lat' dir='ltr'>ETINFERNO.</span> <span class='ocrx_word' id='word_1_4' title='bbox 2065 284 2189 350; x_wconf 81' lang='lat'>105</span> 
     </span>
    </p>
   </div>
   <div class='ocr_carea' id='block_1_2' title="bbox 205 388 2214 2824">
    <p class='ocr_par' dir='ltr' id='par_1_2' title="bbox 205 388 2214 2824">
     <span class='ocr_line' id='line_1_2' title="bbox 209 388 2192 454; baseline -0.001 -14"><span class='ocrx_word' id='word_1_5' title='bbox 209 391 352 448; x_wconf 79' lang='lat' dir='ltr'>Vere,</span> <span class='ocrx_word' id='word_1_6' title='bbox 387 407 499 440; x_wconf 85' lang='lat' dir='ltr'>num</span> <span class='ocrx_word' id='word_1_7' title='bbox 524 392 584 440; x_wconf 89' lang='lat' dir='ltr'>ita</span> <span class='ocrx_word' id='word_1_8' title='bbox 607 391 661 440; x_wconf 79' lang='lat' dir='ltr'>fit</span> <span class='ocrx_word' id='word_1_9' title='bbox 682 392 755 441; x_wconf 86' lang='lat' dir='ltr'>vel</span> <span class='ocrx_word' id='word_1_10' title='bbox 786 407 880 447; x_wconf 84' lang='lat' dir='ltr'>non</span> <span class='ocrx_word' id='word_1_11' title='bbox 903 389 964 436; x_wconf 90' lang='lat' dir='ltr'>ita</span> <span class='ocrx_word' id='word_1_12' title='bbox 981 388 1075 450; x_wconf 83' lang='lat' dir='ltr'><em>(d).</em></span> <span class='ocrx_word' id='word_1_13' title='bbox 1148 390 1318 454; x_wconf 85' lang='lat' dir='ltr'>Angeli</span> <span class='ocrx_word' id='word_1_14' title='bbox 1341 401 1492 440; x_wconf 84' lang='lat' dir='ltr'>autem</span> <span class='ocrx_word' id='word_1_15' title='bbox 1518 391 1667 439; x_wconf 84' lang='lat' dir='ltr'>Primi</span> <span class='ocrx_word' id='word_1_16' title='bbox 1686 391 1758 438; x_wconf 92' lang='lat' dir='ltr'>seu</span> <span class='ocrx_word' id='word_1_17' title='bbox 1793 389 1943 438; x_wconf 90' lang='lat' dir='ltr'>ultimi</span> <span class='ocrx_word' id='word_1_18' title='bbox 1966 389 2077 437; x_wconf 86' lang='lat' dir='ltr'>coeli</span> <span class='ocrx_word' id='word_1_19' title='bbox 2101 407 2192 439; x_wconf 91' lang='lat' dir='ltr'>non</span> 
     </span>
     <span class='ocr_line' id='line_1_3' title="bbox 209 454 2193 521; baseline -0.001 -16"><span class='ocrx_word' id='word_1_20' title='bbox 209 460 273 506; x_wconf 82' lang='lat' dir='ltr'>ita</span> <span class='ocrx_word' id='word_1_21' title='bbox 306 457 468 506; x_wconf 86' lang='lat' dir='ltr'>habent</span> <span class='ocrx_word' id='word_1_22' title='bbox 500 474 604 506; x_wconf 88' lang='lat' dir='ltr'>vera</span> <span class='ocrx_word' id='word_1_23' title='bbox 633 457 802 506; x_wconf 82' lang='lat' dir='ltr'>Divina</span> <span class='ocrx_word' id='word_1_24' title='bbox 834 454 1116 502; x_wconf 89' lang='lat' dir='ltr'>interioribus</span> <span class='ocrx_word' id='word_1_25' title='bbox 1151 454 1237 503; x_wconf 88' lang='lat' dir='ltr'>suis</span> <span class='ocrx_word' id='word_1_26' title='bbox 1276 455 1500 520; x_wconf 88' lang='lat' dir='ltr'>inscripta,</span> <span class='ocrx_word' id='word_1_27' title='bbox 1540 459 1645 521; x_wconf 88' lang='lat' dir='ltr'>quia</span> <span class='ocrx_word' id='word_1_28' title='bbox 1688 456 1774 504; x_wconf 89' lang='lat' dir='ltr'>illis</span> <span class='ocrx_word' id='word_1_29' title='bbox 1808 471 1899 504; x_wconf 91' lang='lat' dir='ltr'>non</span> <span class='ocrx_word' id='word_1_30' title='bbox 1936 456 2025 504; x_wconf 47' lang='lat' dir='ltr'>nisi*</span> <span class='ocrx_word' id='word_1_31' title='bbox 2053 472 2193 519; x_wconf 87' lang='lat' dir='ltr'>quarn</span> 
     </span>
     <span class='ocr_line' id='line_1_4' title="bbox 207 520 2190 589; baseline 0 -18"><span class='ocrx_word' id='word_1_32' title='bbox 207 525 383 589; x_wconf 84' lang='lat' dir='ltr'>primus</span> <span class='ocrx_word' id='word_1_33' title='bbox 419 523 587 587; x_wconf 88' lang='lat' dir='ltr'>gradus</span> <span class='ocrx_word' id='word_1_34' title='bbox 611 525 718 571; x_wconf 64' lang='lat' dir='ltr'>vim</span> <span class='ocrx_word' id='word_1_35' title='bbox 738 533 916 584; x_wconf 87' lang='lat' dir='ltr'>apertus</span> <span class='ocrx_word' id='word_1_36' title='bbox 937 520 1018 577; x_wconf 91' lang='lat' dir='ltr'>est,</span> <span class='ocrx_word' id='word_1_37' title='bbox 1055 521 1118 567; x_wconf 89' lang='lat' dir='ltr'>illi</span> <span class='ocrx_word' id='word_1_38' title='bbox 1142 521 1244 569; x_wconf 89' lang='lat' dir='ltr'>ideo</span> <span class='ocrx_word' id='word_1_39' title='bbox 1276 523 1596 570; x_wconf 84' lang='lat' dir='ltr'>ratiocinantur</span> <span class='ocrx_word' id='word_1_40' title='bbox 1629 523 1684 570; x_wconf 93' lang='lat' dir='ltr'>de</span> <span class='ocrx_word' id='word_1_41' title='bbox 1719 522 1822 579; x_wconf 89' lang='lat' dir='ltr'>illis,</span> <span class='ocrx_word' id='word_1_42' title='bbox 1869 523 1918 570; x_wconf 85' lang='lat'>&amp;</span> <span class='ocrx_word' id='word_1_43' title='bbox 1941 523 2020 586; x_wconf 90' lang='lat' dir='ltr'>qui</span> <span class='ocrx_word' id='word_1_44' title='bbox 2059 523 2190 571; x_wconf 88' lang='lat' dir='ltr'>ratio-</span> 
     </span>
     <span class='ocr_line' id='line_1_5' title="bbox 208 584 2191 652; baseline -0.002 -14"><span class='ocrx_word' id='word_1_45' title='bbox 208 593 416 638; x_wconf 85' lang='lat' dir='ltr'>cinantur</span> <span class='ocrx_word' id='word_1_46' title='bbox 438 592 518 638; x_wconf 80' lang='lat' dir='ltr'>vix</span> <span class='ocrx_word' id='word_1_47' title='bbox 539 586 705 651; x_wconf 85' lang='lat' dir='ltr'>aliquid</span> <span class='ocrx_word' id='word_1_48' title='bbox 729 584 1092 648; x_wconf 68' lang='lat' dir='ltr'>ultra-objectum</span> <span class='ocrx_word' id='word_1_49' title='bbox 1118 589 1196 644; x_wconf 87' lang='lat' dir='ltr'>rei,</span> <span class='ocrx_word' id='word_1_50' title='bbox 1223 589 1279 635; x_wconf 89' lang='lat' dir='ltr'>de</span> <span class='ocrx_word' id='word_1_51' title='bbox 1301 605 1390 652; x_wconf 88' lang='lat' dir='ltr'>qua</span> <span class='ocrx_word' id='word_1_52' title='bbox 1413 591 1748 643; x_wconf 80' lang='lat' dir='ltr'>ratiocinantur,</span> <span class='ocrx_word' id='word_1_53' title='bbox 1774 588 1946 646; x_wconf 83' lang='lat' dir='ltr'>vident,</span> <span class='ocrx_word' id='word_1_54' title='bbox 1971 601 2046 636; x_wconf 89' lang='lat' dir='ltr'>aut</span> <span class='ocrx_word' id='word_1_55' title='bbox 2072 588 2191 636; x_wconf 87' lang='lat' dir='ltr'>ultra</span> 
     </span>
     <span class='ocr_line' id='line_1_6' title="bbox 210 652 2190 720; baseline -0.002 -16"><span class='ocrx_word' id='word_1_56' title='bbox 210 655 462 720; x_wconf 70' lang='lat' dir='ltr'>subjestum</span> <span class='ocrx_word' id='word_1_57' title='bbox 502 653 690 709; x_wconf 67' lang='lat' dir='ltr'>vadunt,</span> <span class='ocrx_word' id='word_1_58' title='bbox 725 652 806 701; x_wconf 80' lang='lat' dir='ltr'>nisi</span> <span class='ocrx_word' id='word_1_59' title='bbox 842 652 988 701; x_wconf 87' lang='lat' dir='ltr'>solum</span> <span class='ocrx_word' id='word_1_60' title='bbox 1021 653 1072 700; x_wconf 87' lang='lat' dir='ltr'>ad</span> <span class='ocrx_word' id='word_1_61' title='bbox 1113 654 1477 702; x_wconf 84' lang='lat' dir='ltr'>confirmandum</span> <span class='ocrx_word' id='word_1_62' title='bbox 1513 655 1559 702; x_wconf 91' lang='lat' dir='ltr'>id</span> <span class='ocrx_word' id='word_1_63' title='bbox 1592 655 1832 718; x_wconf 82' lang='lat' dir='ltr'>aliquibus,</span> <span class='ocrx_word' id='word_1_64' title='bbox 1866 654 1916 702; x_wconf 73' lang='grc' dir='ltr'>δε</span> <span class='ocrx_word' id='word_1_65' title='bbox 1940 670 2047 701; x_wconf 88' lang='lat' dir='ltr'>cum</span> <span class='ocrx_word' id='word_1_66' title='bbox 2079 669 2190 702; x_wconf 87' lang='lat' dir='ltr'>con-</span> 
     </span>
     <span class='ocr_line' id='line_1_7' title="bbox 210 718 2194 785; baseline -0.001 -15"><span class='ocrx_word' id='word_1_67' title='bbox 210 722 506 770; x_wconf 79' lang='lat' dir='ltr'>firmaverunt</span> <span class='ocrx_word' id='word_1_68' title='bbox 556 718 732 775; x_wconf 86' lang='lat' dir='ltr'>dicunt,</span> <span class='ocrx_word' id='word_1_69' title='bbox 775 719 903 783; x_wconf 90' lang='lat' dir='ltr'>quod</span> <span class='ocrx_word' id='word_1_70' title='bbox 939 719 1048 766; x_wconf 89' lang='lat' dir='ltr'>fidei</span> <span class='ocrx_word' id='word_1_71' title='bbox 1082 733 1230 776; x_wconf 87' lang='lat' dir='ltr'>erunt,</span> <span class='ocrx_word' id='word_1_72' title='bbox 1277 721 1327 768; x_wconf 89' lang='lat'>&amp;</span> <span class='ocrx_word' id='word_1_73' title='bbox 1363 721 1489 785; x_wconf 87' lang='lat' dir='ltr'>quod</span> <span class='ocrx_word' id='word_1_74' title='bbox 1540 721 1776 769; x_wconf 87' lang='lat' dir='ltr'>credenda.</span> <span class='ocrx_word' id='word_1_75' title='bbox 1858 721 1933 768; x_wconf 91' lang='lat' dir='ltr'>De</span> <span class='ocrx_word' id='word_1_76' title='bbox 1974 721 2040 767; x_wconf 87' lang='lat' dir='ltr'>his</span> <span class='ocrx_word' id='word_1_77' title='bbox 2083 735 2194 768; x_wconf 88' lang='lat' dir='ltr'>cum</span> 
     </span>
     <span class='ocr_line' id='line_1_8' title="bbox 212 783 2193 852; baseline -0.001 -16"><span class='ocrx_word' id='word_1_78' title='bbox 212 788 405 852; x_wconf 81' lang='lat' dir='ltr'>Angelis</span> <span class='ocrx_word' id='word_1_79' title='bbox 434 785 653 847; x_wconf 82' lang='lat' dir='ltr'>loquutus</span> <span class='ocrx_word' id='word_1_80' title='bbox 686 783 804 840; x_wconf 87' lang='lat' dir='ltr'>sum,</span> <span class='ocrx_word' id='word_1_81' title='bbox 848 786 929 849; x_wconf 92' lang='lat' dir='ltr'>qui</span> <span class='ocrx_word' id='word_1_82' title='bbox 967 785 1194 842; x_wconf 85' lang='lat' dir='ltr'>dixerunt,</span> <span class='ocrx_word' id='word_1_83' title='bbox 1239 787 1367 849; x_wconf 93' lang='lat' dir='ltr'>quod</span> <span class='ocrx_word' id='word_1_84' title='bbox 1403 787 1488 833; x_wconf 88' lang='lat' dir='ltr'>tale</span> <span class='ocrx_word' id='word_1_85' title='bbox 1531 785 1769 834; x_wconf 85' lang='lat' dir='ltr'>discrimen</span> <span class='ocrx_word' id='word_1_86' title='bbox 1803 787 1917 834; x_wconf 87' lang='lat' dir='ltr'>inter</span> <span class='ocrx_word' id='word_1_87' title='bbox 1938 785 2193 850; x_wconf 86' lang='lat' dir='ltr'>sapientiam</span> 
     </span>
     <span class='ocr_line' id='line_1_9' title="bbox 209 849 2193 916; baseline -0.001 -14"><span class='ocrx_word' id='word_1_88' title='bbox 209 851 498 915; x_wconf 76' lang='lat' dir='ltr'>Angelorum</span> <span class='ocrx_word' id='word_1_89' title='bbox 519 850 666 899; x_wconf 88' lang='lat' dir='ltr'>Tertii</span> <span class='ocrx_word' id='word_1_90' title='bbox 682 850 806 898; x_wconf 89' lang='lat' dir='ltr'>Coeli</span> <span class='ocrx_word' id='word_1_91' title='bbox 829 852 878 898; x_wconf 76' lang='grc' dir='ltr'>δε</span> <span class='ocrx_word' id='word_1_92' title='bbox 903 852 1017 898; x_wconf 86' lang='lat' dir='ltr'>inter</span> <span class='ocrx_word' id='word_1_93' title='bbox 1039 849 1292 914; x_wconf 87' lang='lat' dir='ltr'>sapientiam</span> <span class='ocrx_word' id='word_1_94' title='bbox 1317 852 1607 914; x_wconf 87' lang='lat' dir='ltr'>Angelorum</span> <span class='ocrx_word' id='word_1_95' title='bbox 1629 852 1774 899; x_wconf 87' lang='lat' dir='ltr'>Primi</span> <span class='ocrx_word' id='word_1_96' title='bbox 1805 851 1928 899; x_wconf 85' lang='lat' dir='ltr'>Coeli</span> <span class='ocrx_word' id='word_1_97' title='bbox 1961 852 2030 908; x_wconf 78' lang='lat' dir='ltr'>sit,</span> <span class='ocrx_word' id='word_1_98' title='bbox 2060 853 2193 916; x_wconf 85' lang='lat' dir='ltr'>quale</span> 
     </span>
     <span class='ocr_line' id='line_1_10' title="bbox 208 914 2189 980; baseline -0.001 -13"><span class='ocrx_word' id='word_1_99' title='bbox 208 921 323 967; x_wconf 79' lang='lat' dir='ltr'>inter</span> <span class='ocrx_word' id='word_1_100' title='bbox 348 915 554 964; x_wconf 86' lang='lat' dir='ltr'>lucidum</span> <span class='ocrx_word' id='word_1_101' title='bbox 583 915 635 964; x_wconf 76' lang='grc' dir='ltr'>ὅτ</span> <span class='ocrx_word' id='word_1_102' title='bbox 673 914 952 972; x_wconf 77' lang='lat' dir='ltr'>obscurum3</span> <span class='ocrx_word' id='word_1_103' title='bbox 1009 916 1144 964; x_wconf 88' lang='lat' dir='ltr'>etiam</span> <span class='ocrx_word' id='word_1_104' title='bbox 1181 928 1559 979; x_wconf 86' lang='lat' dir='ltr'>comparaverunt</span> <span class='ocrx_word' id='word_1_105' title='bbox 1603 914 1858 980; x_wconf 85' lang='lat' dir='ltr'>sapientiam</span> <span class='ocrx_word' id='word_1_106' title='bbox 1899 917 2189 980; x_wconf 86' lang='lat' dir='ltr'>Angelorum</span> 
     </span>
     <span class='ocr_line' id='line_1_11' title="bbox 207 980 2191 1046; baseline 0 -14"><span class='ocrx_word' id='word_1_107' title='bbox 207 983 354 1032; x_wconf 80' lang='lat' dir='ltr'>Tertii</span> <span class='ocrx_word' id='word_1_108' title='bbox 376 983 499 1031; x_wconf 88' lang='lat' dir='ltr'>Coeli</span> <span class='ocrx_word' id='word_1_109' title='bbox 533 998 643 1030; x_wconf 90' lang='lat' dir='ltr'>cum</span> <span class='ocrx_word' id='word_1_110' title='bbox 678 981 925 1046; x_wconf 81' lang='lat' dir='ltr'>magnifico</span> <span class='ocrx_word' id='word_1_111' title='bbox 948 981 1119 1030; x_wconf 86' lang='lat' dir='ltr'>Palatio</span> <span class='ocrx_word' id='word_1_112' title='bbox 1157 981 1292 1046; x_wconf 88' lang='lat' dir='ltr'>pleno</span> <span class='ocrx_word' id='word_1_113' title='bbox 1328 982 1540 1030; x_wconf 89' lang='lat' dir='ltr'>omnibus</span> <span class='ocrx_word' id='word_1_114' title='bbox 1574 981 1634 1033; x_wconf 63' lang='lat' dir='ltr'>,ad</span> <span class='ocrx_word' id='word_1_115' title='bbox 1674 980 1824 1038; x_wconf 86' lang='lat' dir='ltr'>usum,</span> <span class='ocrx_word' id='word_1_116' title='bbox 1864 981 2036 1030; x_wconf 88' lang='lat' dir='ltr'>circum</span> <span class='ocrx_word' id='word_1_117' title='bbox 2065 980 2191 1046; x_wconf 84' lang='lat' dir='ltr'>quod</span> 
     </span>
     <span class='ocr_line' id='line_1_12' title="bbox 207 1047 2191 1112; baseline -0.001 -15"><span class='ocrx_word' id='word_1_118' title='bbox 207 1047 401 1102; x_wconf 75' lang='lat' dir='ltr'>Paradist</span> <span class='ocrx_word' id='word_1_119' title='bbox 435 1048 481 1096; x_wconf 90' lang='lat' dir='ltr'>in</span> <span class='ocrx_word' id='word_1_120' title='bbox 505 1047 696 1112; x_wconf 87' lang='lat' dir='ltr'>longum</span> <span class='ocrx_word' id='word_1_121' title='bbox 717 1048 771 1097; x_wconf 80' lang='grc' dir='ltr'>δε</span> <span class='ocrx_word' id='word_1_122' title='bbox 793 1049 840 1095; x_wconf 87' lang='lat' dir='ltr'>in</span> <span class='ocrx_word' id='word_1_123' title='bbox 870 1048 1030 1105; x_wconf 90' lang='lat' dir='ltr'>latum,</span> <span class='ocrx_word' id='word_1_124' title='bbox 1066 1050 1115 1096; x_wconf 72' lang='grc' dir='ltr'>δε</span> <span class='ocrx_word' id='word_1_125' title='bbox 1148 1049 1321 1096; x_wconf 87' lang='lat' dir='ltr'>circum</span> <span class='ocrx_word' id='word_1_126' title='bbox 1344 1048 1424 1096; x_wconf 90' lang='lat' dir='ltr'>hos</span> <span class='ocrx_word' id='word_1_127' title='bbox 1449 1047 1689 1111; x_wconf 84' lang='lat' dir='ltr'>magnifica</span> <span class='ocrx_word' id='word_1_128' title='bbox 1711 1047 1911 1111; x_wconf 89' lang='lat' dir='ltr'>plurium</span> <span class='ocrx_word' id='word_1_129' title='bbox 1935 1063 2153 1111; x_wconf 84' lang='lat' dir='ltr'>generum</span> <span class='ocrx_word' id='word_1_130' title='bbox 2176 1070 2191 1104; x_wconf 61' lang='grc' dir='ltr'>ς</span> 
     </span>
     <span class='ocr_line' id='line_1_13' title="bbox 205 1111 2192 1178; baseline -0.002 -14"><span class='ocrx_word' id='word_1_131' title='bbox 205 1115 256 1164; x_wconf 72' lang='grc' dir='ltr'>δι</span> <span class='ocrx_word' id='word_1_132' title='bbox 279 1114 410 1178; x_wconf 90' lang='lat' dir='ltr'>quod</span> <span class='ocrx_word' id='word_1_133' title='bbox 433 1115 604 1178; x_wconf 87' lang='lat' dir='ltr'>Angeli</span> <span class='ocrx_word' id='word_1_134' title='bbox 624 1114 707 1171; x_wconf 83' lang='lat' dir='ltr'>illi,</span> <span class='ocrx_word' id='word_1_135' title='bbox 741 1115 845 1178; x_wconf 84' lang='lat' dir='ltr'>quia</span> <span class='ocrx_word' id='word_1_136' title='bbox 878 1115 924 1161; x_wconf 92' lang='lat' dir='ltr'>in</span> <span class='ocrx_word' id='word_1_137' title='bbox 948 1115 1063 1163; x_wconf 86' lang='lat' dir='ltr'>veris</span> <span class='ocrx_word' id='word_1_138' title='bbox 1098 1111 1321 1178; x_wconf 86' lang='lat' dir='ltr'>sapientiae</span> <span class='ocrx_word' id='word_1_139' title='bbox 1354 1114 1470 1172; x_wconf 90' lang='lat' dir='ltr'>sunt,</span> <span class='ocrx_word' id='word_1_140' title='bbox 1512 1115 1675 1178; x_wconf 83' lang='lat' dir='ltr'>poffint</span> <span class='ocrx_word' id='word_1_141' title='bbox 1706 1114 1868 1161; x_wconf 84' lang='lat' dir='ltr'>intrare</span> <span class='ocrx_word' id='word_1_142' title='bbox 1900 1114 1945 1160; x_wconf 91' lang='lat' dir='ltr'>in</span> <span class='ocrx_word' id='word_1_143' title='bbox 1970 1113 2192 1161; x_wconf 88' lang='lat' dir='ltr'>Palatium</span> 
     </span>
     <span class='ocr_line' id='line_1_14' title="bbox 206 1178 2190 1244; baseline -0.001 -16"><span class='ocrx_word' id='word_1_144' title='bbox 206 1196 258 1228; x_wconf 86' lang='lat' dir='ltr'>ac</span> <span class='ocrx_word' id='word_1_145' title='bbox 293 1181 445 1228; x_wconf 85' lang='lat' dir='ltr'>videre</span> <span class='ocrx_word' id='word_1_146' title='bbox 470 1181 646 1236; x_wconf 82' lang='lat' dir='ltr'>omnia,</span> <span class='ocrx_word' id='word_1_147' title='bbox 681 1180 732 1228; x_wconf 77' lang='grc' dir='ltr'>δε</span> <span class='ocrx_word' id='word_1_148' title='bbox 754 1196 936 1244; x_wconf 91' lang='lat' dir='ltr'>quoque</span> <span class='ocrx_word' id='word_1_149' title='bbox 957 1179 1193 1244; x_wconf 86' lang='lat' dir='ltr'>exspatiari</span> <span class='ocrx_word' id='word_1_150' title='bbox 1227 1181 1272 1228; x_wconf 90' lang='lat' dir='ltr'>in</span> <span class='ocrx_word' id='word_1_151' title='bbox 1297 1180 1524 1229; x_wconf 87' lang='lat' dir='ltr'>Paradisos</span> <span class='ocrx_word' id='word_1_152' title='bbox 1555 1178 1932 1244; x_wconf 87' lang='lat' dir='ltr'>quaquaversum,</span> <span class='ocrx_word' id='word_1_153' title='bbox 1970 1179 2019 1227; x_wconf 86' lang='lat'>&amp;</span> <span class='ocrx_word' id='word_1_154' title='bbox 2043 1179 2190 1227; x_wconf 85' lang='lat' dir='ltr'>delec-</span> 
     </span>
     <span class='ocr_line' id='line_1_15' title="bbox 206 1245 2193 1310; baseline -0.001 -16"><span class='ocrx_word' id='word_1_155' title='bbox 206 1248 288 1295; x_wconf 83' lang='lat' dir='ltr'>tari</span> <span class='ocrx_word' id='word_1_156' title='bbox 310 1246 554 1306; x_wconf 80' lang='lat' dir='ltr'>omnibus:</span> <span class='ocrx_word' id='word_1_157' title='bbox 593 1245 717 1294; x_wconf 86' lang='lat' dir='ltr'>aliter</span> <span class='ocrx_word' id='word_1_158' title='bbox 737 1262 848 1294; x_wconf 89' lang='lat' dir='ltr'>vero</span> <span class='ocrx_word' id='word_1_159' title='bbox 880 1245 946 1293; x_wconf 80' lang='lat' dir='ltr'>illi</span> <span class='ocrx_word' id='word_1_160' title='bbox 971 1248 1051 1310; x_wconf 89' lang='lat' dir='ltr'>qui</span> <span class='ocrx_word' id='word_1_161' title='bbox 1077 1247 1393 1296; x_wconf 86' lang='lat' dir='ltr'>ratiocinantur</span> <span class='ocrx_word' id='word_1_162' title='bbox 1414 1246 1471 1294; x_wconf 89' lang='lat' dir='ltr'>de</span> <span class='ocrx_word' id='word_1_163' title='bbox 1493 1248 1625 1300; x_wconf 77' lang='lat' dir='ltr'>veriS,</span> <span class='ocrx_word' id='word_1_164' title='bbox 1664 1247 1715 1294; x_wconf 74' lang='grc' dir='ltr'>δε</span> <span class='ocrx_word' id='word_1_165' title='bbox 1740 1246 1884 1309; x_wconf 87' lang='lat' dir='ltr'>magis</span> <span class='ocrx_word' id='word_1_166' title='bbox 1907 1247 1987 1308; x_wconf 88' lang='lat' dir='ltr'>qui</span> <span class='ocrx_word' id='word_1_167' title='bbox 2011 1259 2193 1293; x_wconf 86' lang='lat' dir='ltr'>contro·</span> 
     </span>
     <span class='ocr_line' id='line_1_16' title="bbox 209 1309 2191 1376; baseline 0 -17"><span class='ocrx_word' id='word_1_168' title='bbox 209 1325 391 1361; x_wconf 80' lang='lat' dir='ltr'>vertunt</span> <span class='ocrx_word' id='word_1_169' title='bbox 413 1312 471 1360; x_wconf 90' lang='lat' dir='ltr'>de</span> <span class='ocrx_word' id='word_1_170' title='bbox 506 1309 608 1370; x_wconf 73' lang='lat' dir='ltr'>inis,</span> <span class='ocrx_word' id='word_1_171' title='bbox 648 1313 695 1360; x_wconf 85' lang='lat' dir='ltr'>hi</span> <span class='ocrx_word' id='word_1_172' title='bbox 728 1313 834 1376; x_wconf 89' lang='lat' dir='ltr'>quia</span> <span class='ocrx_word' id='word_1_173' title='bbox 870 1328 962 1360; x_wconf 85' lang='lat' dir='ltr'>non</span> <span class='ocrx_word' id='word_1_174' title='bbox 984 1312 1142 1360; x_wconf 89' lang='lat' dir='ltr'>vident</span> <span class='ocrx_word' id='word_1_175' title='bbox 1175 1328 1281 1360; x_wconf 89' lang='lat' dir='ltr'>vera</span> <span class='ocrx_word' id='word_1_176' title='bbox 1313 1329 1369 1361; x_wconf 83' lang='lat' dir='ltr'>ex</span> <span class='ocrx_word' id='word_1_177' title='bbox 1402 1311 1502 1361; x_wconf 91' lang='lat' dir='ltr'>luce</span> <span class='ocrx_word' id='word_1_178' title='bbox 1526 1312 1636 1368; x_wconf 88' lang='lat' dir='ltr'>veri,</span> <span class='ocrx_word' id='word_1_179' title='bbox 1672 1311 1742 1360; x_wconf 91' lang='lat' dir='ltr'>sed</span> <span class='ocrx_word' id='word_1_180' title='bbox 1770 1311 1977 1360; x_wconf 87' lang='lat' dir='ltr'>hauriunt</span> <span class='ocrx_word' id='word_1_181' title='bbox 2010 1311 2085 1359; x_wconf 88' lang='lat' dir='ltr'>illa</span> <span class='ocrx_word' id='word_1_182' title='bbox 2117 1312 2191 1359; x_wconf 85' lang='lat' dir='ltr'>vel</span> 
     </span>
     <span class='ocr_line' id='line_1_17' title="bbox 205 1376 2195 1442; baseline 0 -16"><span class='ocrx_word' id='word_1_183' title='bbox 205 1394 268 1426; x_wconf 78' lang='lat' dir='ltr'>ex</span> <span class='ocrx_word' id='word_1_184' title='bbox 311 1378 423 1436; x_wconf 89' lang='lat' dir='ltr'>aliis,</span> <span class='ocrx_word' id='word_1_185' title='bbox 463 1378 537 1426; x_wconf 91' lang='lat' dir='ltr'>vel</span> <span class='ocrx_word' id='word_1_186' title='bbox 568 1393 626 1426; x_wconf 86' lang='lat' dir='ltr'>ex</span> <span class='ocrx_word' id='word_1_187' title='bbox 659 1376 781 1425; x_wconf 87' lang='lat' dir='ltr'>sensu</span> <span class='ocrx_word' id='word_1_188' title='bbox 824 1378 965 1426; x_wconf 82' lang='lat' dir='ltr'>literae</span> <span class='ocrx_word' id='word_1_189' title='bbox 990 1378 1145 1435; x_wconf 86' lang='lat' dir='ltr'>Verbi,</span> <span class='ocrx_word' id='word_1_190' title='bbox 1180 1395 1320 1442; x_wconf 89' lang='lat' dir='ltr'>quem</span> <span class='ocrx_word' id='word_1_191' title='bbox 1358 1395 1451 1427; x_wconf 91' lang='lat' dir='ltr'>non</span> <span class='ocrx_word' id='word_1_192' title='bbox 1490 1379 1673 1426; x_wconf 88' lang='lat' dir='ltr'>interius</span> <span class='ocrx_word' id='word_1_193' title='bbox 1715 1377 1989 1441; x_wconf 89' lang='lat' dir='ltr'>intelligunt,</span> <span class='ocrx_word' id='word_1_194' title='bbox 2035 1377 2195 1426; x_wconf 91' lang='lat' dir='ltr'>dicunt</span> 
     </span>
     <span class='ocr_line' id='line_1_18' title="bbox 207 1441 2192 1509; baseline -0.001 -17"><span class='ocrx_word' id='word_1_195' title='bbox 207 1445 332 1508; x_wconf 90' lang='lat' dir='ltr'>quod</span> <span class='ocrx_word' id='word_1_196' title='bbox 358 1444 596 1501; x_wconf 86' lang='lat' dir='ltr'>credenda,</span> <span class='ocrx_word' id='word_1_197' title='bbox 630 1441 703 1492; x_wconf 90' lang='lat' dir='ltr'>seu</span> <span class='ocrx_word' id='word_1_198' title='bbox 723 1444 852 1508; x_wconf 91' lang='lat' dir='ltr'>quod</span> <span class='ocrx_word' id='word_1_199' title='bbox 874 1444 986 1492; x_wconf 88' lang='lat' dir='ltr'>fides</span> <span class='ocrx_word' id='word_1_200' title='bbox 1009 1444 1225 1501; x_wconf 87' lang='lat' dir='ltr'>habenda,</span> <span class='ocrx_word' id='word_1_201' title='bbox 1265 1445 1310 1492; x_wconf 93' lang='lat' dir='ltr'>in</span> <span class='ocrx_word' id='word_1_202' title='bbox 1334 1461 1440 1509; x_wconf 87' lang='lat' dir='ltr'>quae</span> <span class='ocrx_word' id='word_1_203' title='bbox 1462 1445 1565 1492; x_wconf 89' lang='lat' dir='ltr'>dein</span> <span class='ocrx_word' id='word_1_204' title='bbox 1597 1459 1686 1491; x_wconf 90' lang='lat' dir='ltr'>non</span> <span class='ocrx_word' id='word_1_205' title='bbox 1711 1444 1872 1492; x_wconf 85' lang='lat' dir='ltr'>volunt</span> <span class='ocrx_word' id='word_1_206' title='bbox 1910 1456 1960 1491; x_wconf 88' lang='lat' dir='ltr'>ut</span> <span class='ocrx_word' id='word_1_207' title='bbox 1984 1443 2102 1491; x_wconf 89' lang='lat' dir='ltr'>visus</span> <span class='ocrx_word' id='word_1_208' title='bbox 2127 1444 2192 1490; x_wconf 90' lang='lat' dir='ltr'>in-</span> 
     </span>
     <span class='ocr_line' id='line_1_19' title="bbox 213 1508 2194 1574; baseline -0.001 -16"><span class='ocrx_word' id='word_1_209' title='bbox 213 1511 349 1558; x_wconf 88' lang='lat' dir='ltr'>terior</span> <span class='ocrx_word' id='word_1_210' title='bbox 380 1511 551 1566; x_wconf 80' lang='lat' dir='ltr'>intret;</span> <span class='ocrx_word' id='word_1_211' title='bbox 597 1509 654 1557; x_wconf 90' lang='lat' dir='ltr'>de</span> <span class='ocrx_word' id='word_1_212' title='bbox 677 1509 744 1557; x_wconf 89' lang='lat' dir='ltr'>his</span> <span class='ocrx_word' id='word_1_213' title='bbox 767 1510 990 1567; x_wconf 86' lang='lat' dir='ltr'>dicebant,</span> <span class='ocrx_word' id='word_1_214' title='bbox 1025 1511 1153 1573; x_wconf 91' lang='lat' dir='ltr'>quod</span> <span class='ocrx_word' id='word_1_215' title='bbox 1189 1526 1281 1558; x_wconf 91' lang='lat' dir='ltr'>non</span> <span class='ocrx_word' id='word_1_216' title='bbox 1309 1513 1363 1558; x_wconf 90' lang='lat' dir='ltr'>ad</span> <span class='ocrx_word' id='word_1_217' title='bbox 1390 1513 1593 1574; x_wconf 85' lang='lat' dir='ltr'>primum</span> <span class='ocrx_word' id='word_1_218' title='bbox 1618 1510 1755 1567; x_wconf 85' lang='lat' dir='ltr'>limen</span> <span class='ocrx_word' id='word_1_219' title='bbox 1780 1509 1935 1557; x_wconf 86' lang='lat' dir='ltr'>Palatii</span> <span class='ocrx_word' id='word_1_220' title='bbox 1968 1508 2194 1573; x_wconf 75' lang='lat' dir='ltr'>sapientia:</span> 
     </span>
     <span class='ocr_line' id='line_1_20' title="bbox 209 1574 2194 1640; baseline -0.001 -17"><span class='ocrx_word' id='word_1_221' title='bbox 209 1577 361 1624; x_wconf 83' lang='lat' dir='ltr'>venire</span> <span class='ocrx_word' id='word_1_222' title='bbox 397 1574 581 1640; x_wconf 59' lang='lat' dir='ltr'>pristim,</span> <span class='ocrx_word' id='word_1_223' title='bbox 622 1575 774 1624; x_wconf 88' lang='lat' dir='ltr'>minus</span> <span class='ocrx_word' id='word_1_224' title='bbox 809 1576 969 1623; x_wconf 90' lang='lat' dir='ltr'>intrare</span> <span class='ocrx_word' id='word_1_225' title='bbox 1007 1576 1053 1623; x_wconf 91' lang='lat' dir='ltr'>in</span> <span class='ocrx_word' id='word_1_226' title='bbox 1077 1575 1208 1633; x_wconf 91' lang='lat' dir='ltr'>illud,</span> <span class='ocrx_word' id='word_1_227' title='bbox 1247 1577 1296 1624; x_wconf 86' lang='lat'>&amp;</span> <span class='ocrx_word' id='word_1_228' title='bbox 1330 1575 1559 1639; x_wconf 85' lang='lat' dir='ltr'>exspatiari</span> <span class='ocrx_word' id='word_1_229' title='bbox 1594 1576 1639 1623; x_wconf 91' lang='lat' dir='ltr'>in</span> <span class='ocrx_word' id='word_1_230' title='bbox 1671 1574 2043 1638; x_wconf 60' lang='lat' dir='ltr'>Paradisos‘ejus,</span> <span class='ocrx_word' id='word_1_231' title='bbox 2076 1591 2194 1638; x_wconf 89' lang='lat' dir='ltr'>quo·</span> 
     </span>
     <span class='ocr_line' id='line_1_21' title="bbox 210 1638 2193 1705; baseline -0.002 -15"><span class='ocrx_word' id='word_1_232' title='bbox 210 1643 332 1690; x_wconf 80' lang='lat' dir='ltr'>niam</span> <span class='ocrx_word' id='word_1_233' title='bbox 369 1642 417 1689; x_wconf 87' lang='lat' dir='ltr'>in</span> <span class='ocrx_word' id='word_1_234' title='bbox 449 1642 601 1705; x_wconf 88' lang='lat' dir='ltr'>primo</span> <span class='ocrx_word' id='word_1_235' title='bbox 622 1640 746 1704; x_wconf 82' lang='lat' dir='ltr'>passu</span> <span class='ocrx_word' id='word_1_236' title='bbox 769 1639 1035 1697; x_wconf 79' lang='lat' dir='ltr'>subfistunt;</span> <span class='ocrx_word' id='word_1_237' title='bbox 1074 1641 1200 1688; x_wconf 90' lang='lat' dir='ltr'>aliter</span> <span class='ocrx_word' id='word_1_238' title='bbox 1231 1641 1311 1705; x_wconf 89' lang='lat' dir='ltr'>qui</span> <span class='ocrx_word' id='word_1_239' title='bbox 1351 1642 1397 1688; x_wconf 91' lang='lat' dir='ltr'>in</span> <span class='ocrx_word' id='word_1_240' title='bbox 1421 1641 1524 1705; x_wconf 74' lang='lat' dir='ltr'>ipsis</span> <span class='ocrx_word' id='word_1_241' title='bbox 1548 1642 1666 1690; x_wconf 86' lang='lat' dir='ltr'>veris</span> <span class='ocrx_word' id='word_1_242' title='bbox 1701 1638 1818 1698; x_wconf 89' lang='lat' dir='ltr'>sunt,</span> <span class='ocrx_word' id='word_1_243' title='bbox 1855 1639 1938 1688; x_wconf 86' lang='lat' dir='ltr'>hos</span> <span class='ocrx_word' id='word_1_244' title='bbox 1979 1639 2090 1688; x_wconf 89' lang='lat' dir='ltr'>nihil</span> <span class='ocrx_word' id='word_1_245' title='bbox 2124 1656 2193 1687; x_wconf 90' lang='lat' dir='ltr'>re·</span> 
     </span>
     <span class='ocr_line' id='line_1_22' title="bbox 208 1704 2196 1771; baseline -0.001 -15"><span class='ocrx_word' id='word_1_246' title='bbox 208 1707 363 1766; x_wconf 21' lang='lat' dir='ltr'>tardat*</span> <span class='ocrx_word' id='word_1_247' title='bbox 385 1710 497 1771; x_wconf 90' lang='lat' dir='ltr'>quin</span> <span class='ocrx_word' id='word_1_248' title='bbox 532 1704 730 1756; x_wconf 88' lang='lat' dir='ltr'>ferantur</span> <span class='ocrx_word' id='word_1_249' title='bbox 764 1706 816 1756; x_wconf 77' lang='grc' dir='ltr'>δε</span> <span class='ocrx_word' id='word_1_250' title='bbox 852 1707 1200 1771; x_wconf 86' lang='lat' dir='ltr'>progrediantur</span> <span class='ocrx_word' id='word_1_251' title='bbox 1232 1704 1394 1771; x_wconf 88' lang='lat' dir='ltr'>absque</span> <span class='ocrx_word' id='word_1_252' title='bbox 1432 1707 1594 1764; x_wconf 87' lang='lat' dir='ltr'>limite,</span> <span class='ocrx_word' id='word_1_253' title='bbox 1629 1721 1734 1754; x_wconf 89' lang='lat' dir='ltr'>nam</span> <span class='ocrx_word' id='word_1_254' title='bbox 1760 1721 1864 1754; x_wconf 85' lang='lat' dir='ltr'>vera</span> <span class='ocrx_word' id='word_1_255' title='bbox 1896 1704 1986 1753; x_wconf 86' lang='lat' dir='ltr'>visa</span> <span class='ocrx_word' id='word_1_256' title='bbox 2019 1706 2196 1754; x_wconf 89' lang='lat' dir='ltr'>ducunt</span> 
     </span>
     <span class='ocr_line' id='line_1_23' title="bbox 210 1772 2194 1838; baseline -0.001 -17"><span class='ocrx_word' id='word_1_257' title='bbox 210 1788 490 1837; x_wconf 91' lang='lat' dir='ltr'>quocunque</span> <span class='ocrx_word' id='word_1_258' title='bbox 509 1785 725 1838; x_wconf 76' lang='lat' dir='ltr'>pergunt,</span> <span class='ocrx_word' id='word_1_259' title='bbox 764 1788 815 1820; x_wconf 86' lang='lat' dir='ltr'>ac</span> <span class='ocrx_word' id='word_1_260' title='bbox 839 1774 885 1820; x_wconf 91' lang='lat' dir='ltr'>in</span> <span class='ocrx_word' id='word_1_261' title='bbox 915 1773 1027 1820; x_wconf 87' lang='lat' dir='ltr'>latos</span> <span class='ocrx_word' id='word_1_262' title='bbox 1050 1788 1252 1837; x_wconf 87' lang='lat' dir='ltr'>campos,</span> <span class='ocrx_word' id='word_1_263' title='bbox 1290 1773 1504 1837; x_wconf 88' lang='lat' dir='ltr'>quoniam</span> <span class='ocrx_word' id='word_1_264' title='bbox 1545 1772 1888 1836; x_wconf 85' lang='lat' dir='ltr'>unumquodvis</span> <span class='ocrx_word' id='word_1_265' title='bbox 1924 1788 2086 1821; x_wconf 88' lang='lat' dir='ltr'>verum</span> <span class='ocrx_word' id='word_1_266' title='bbox 2123 1774 2194 1820; x_wconf 91' lang='lat' dir='ltr'>in·</span> 
     </span>
     <span class='ocr_line' id='line_1_24' title="bbox 210 1837 2194 1903; baseline 0 -17"><span class='ocrx_word' id='word_1_267' title='bbox 210 1840 354 1887; x_wconf 86' lang='lat' dir='ltr'>finitae</span> <span class='ocrx_word' id='word_1_268' title='bbox 374 1839 639 1887; x_wconf 81' lang='lat' dir='ltr'>extenfionis</span> <span class='ocrx_word' id='word_1_269' title='bbox 669 1838 750 1895; x_wconf 89' lang='lat' dir='ltr'>est,</span> <span class='ocrx_word' id='word_1_270' title='bbox 789 1840 837 1887; x_wconf 74' lang='grc' dir='ltr'>δι</span> <span class='ocrx_word' id='word_1_271' title='bbox 863 1839 909 1886; x_wconf 89' lang='lat' dir='ltr'>in</span> <span class='ocrx_word' id='word_1_272' title='bbox 933 1837 1248 1902; x_wconf 74' lang='lat' dir='ltr'>conjunffione</span> <span class='ocrx_word' id='word_1_273' title='bbox 1283 1855 1392 1887; x_wconf 89' lang='lat' dir='ltr'>cum</span> <span class='ocrx_word' id='word_1_274' title='bbox 1433 1839 1761 1903; x_wconf 88' lang='lat' dir='ltr'>multiplicibus</span> <span class='ocrx_word' id='word_1_275' title='bbox 1793 1838 1902 1887; x_wconf 86' lang='lat' dir='ltr'>aliis.</span> <span class='ocrx_word' id='word_1_276' title='bbox 1973 1838 2194 1903; x_wconf 85' lang='lat' dir='ltr'>Amplius</span> 
     </span>
     <span class='ocr_line' id='line_1_25' title="bbox 211 1902 2190 1969; baseline 0 -17"><span class='ocrx_word' id='word_1_277' title='bbox 211 1905 441 1961; x_wconf 83' lang='lat' dir='ltr'>dixerunt,</span> <span class='ocrx_word' id='word_1_278' title='bbox 475 1904 603 1968; x_wconf 89' lang='lat' dir='ltr'>quod</span> <span class='ocrx_word' id='word_1_279' title='bbox 638 1902 845 1969; x_wconf 84' lang='lat' dir='ltr'>sapientia</span> <span class='ocrx_word' id='word_1_280' title='bbox 868 1905 1157 1967; x_wconf 88' lang='lat' dir='ltr'>Angelorum</span> <span class='ocrx_word' id='word_1_281' title='bbox 1179 1905 1336 1952; x_wconf 86' lang='lat' dir='ltr'>Intimi</span> <span class='ocrx_word' id='word_1_282' title='bbox 1359 1905 1483 1953; x_wconf 89' lang='lat' dir='ltr'>Coeli</span> <span class='ocrx_word' id='word_1_283' title='bbox 1523 1905 1756 1969; x_wconf 71' lang='lat' dir='ltr'>praecipue</span> <span class='ocrx_word' id='word_1_284' title='bbox 1791 1903 1994 1953; x_wconf 80' lang='lat' dir='ltr'>consistat</span> <span class='ocrx_word' id='word_1_285' title='bbox 2033 1905 2078 1952; x_wconf 92' lang='lat' dir='ltr'>in</span> <span class='ocrx_word' id='word_1_286' title='bbox 2117 1921 2190 1962; x_wconf 87' lang='lat' dir='ltr'>eo,</span> 
     </span>
     <span class='ocr_line' id='line_1_26' title="bbox 210 1964 2194 2035; baseline 0 -17"><span class='ocrx_word' id='word_1_287' title='bbox 210 1971 336 2034; x_wconf 91' lang='lat' dir='ltr'>quod</span> <span class='ocrx_word' id='word_1_288' title='bbox 377 1970 558 2018; x_wconf 87' lang='lat' dir='ltr'>videant</span> <span class='ocrx_word' id='word_1_289' title='bbox 593 1970 760 2018; x_wconf 88' lang='lat' dir='ltr'>Divina</span> <span class='ocrx_word' id='word_1_290' title='bbox 793 1971 847 2018; x_wconf 72' lang='grc' dir='ltr'>δε</span> <span class='ocrx_word' id='word_1_291' title='bbox 886 1964 1100 2018; x_wconf 88' lang='lat' dir='ltr'>Coelestia</span> <span class='ocrx_word' id='word_1_292' title='bbox 1132 1969 1179 2018; x_wconf 86' lang='lat' dir='ltr'>in</span> <span class='ocrx_word' id='word_1_293' title='bbox 1214 1969 1400 2035; x_wconf 82' lang='lat' dir='ltr'>singulis</span> <span class='ocrx_word' id='word_1_294' title='bbox 1438 1968 1639 2027; x_wconf 69' lang='lat' dir='ltr'>ob&#39;eetis,</span> <span class='ocrx_word' id='word_1_295' title='bbox 1687 1971 1736 2019; x_wconf 76' lang='grc' dir='ltr'>δε</span> <span class='ocrx_word' id='word_1_296' title='bbox 1762 1968 1978 2018; x_wconf 86' lang='lat' dir='ltr'>mirabilia</span> <span class='ocrx_word' id='word_1_297' title='bbox 2010 1971 2057 2016; x_wconf 91' lang='lat' dir='ltr'>in</span> <span class='ocrx_word' id='word_1_298' title='bbox 2087 1969 2194 2018; x_wconf 84' lang='lat' dir='ltr'>serie</span> 
     </span>
     <span class='ocr_line' id='line_1_27' title="bbox 210 1987 2191 2100; baseline 0 -17"><span class='ocrx_word' id='word_1_299' title='bbox 210 2038 447 2100; x_wconf 70' lang='lat' dir='ltr'>plurium,</span> <span class='ocrx_word' id='word_1_300' title='bbox 496 2051 599 2083; x_wconf 88' lang='lat' dir='ltr'>nam</span> <span class='ocrx_word' id='word_1_301' title='bbox 632 2036 787 2083; x_wconf 87' lang='lat' dir='ltr'>omnia</span> <span class='ocrx_word' id='word_1_302' title='bbox 818 2051 926 2099; x_wconf 88' lang='lat' dir='ltr'>quae</span> <span class='ocrx_word' id='word_1_303' title='bbox 958 2048 1172 2099; x_wconf 87' lang='lat' dir='ltr'>apparent</span> <span class='ocrx_word' id='word_1_304' title='bbox 1218 2050 1371 2083; x_wconf 85' lang='lat' dir='ltr'>coram</span> <span class='ocrx_word' id='word_1_305' title='bbox 1410 1987 1554 2084; x_wconf 69' lang='lat' dir='ltr'>oculis</span> <span class='ocrx_word' id='word_1_306' title='bbox 1591 2051 1769 2092; x_wconf 88' lang='lat' dir='ltr'>eorum,</span> <span class='ocrx_word' id='word_1_307' title='bbox 1808 2032 2191 2098; x_wconf 88' lang='lat' dir='ltr'>correspondent;</span> 
     </span>
     <span class='ocr_line' id='line_1_28' title="bbox 210 2099 2194 2165; baseline -0.002 -15"><span class='ocrx_word' id='word_1_308' title='bbox 210 2115 263 2150; x_wconf 91' lang='lat' dir='ltr'>ut</span> <span class='ocrx_word' id='word_1_309' title='bbox 295 2117 402 2149; x_wconf 88' lang='lat' dir='ltr'>cum</span> <span class='ocrx_word' id='word_1_310' title='bbox 426 2101 584 2149; x_wconf 78' lang='lat' dir='ltr'>vident</span> <span class='ocrx_word' id='word_1_311' title='bbox 605 2101 767 2165; x_wconf 85' lang='lat' dir='ltr'>palatia</span> <span class='ocrx_word' id='word_1_312' title='bbox 789 2102 837 2150; x_wconf 87' lang='lat'>&amp;</span> <span class='ocrx_word' id='word_1_313' title='bbox 860 2100 1032 2158; x_wconf 88' lang='lat' dir='ltr'>hortos,</span> <span class='ocrx_word' id='word_1_314' title='bbox 1067 2117 1159 2148; x_wconf 91' lang='lat' dir='ltr'>non</span> <span class='ocrx_word' id='word_1_315' title='bbox 1183 2113 1383 2149; x_wconf 90' lang='lat' dir='ltr'>moratur</span> <span class='ocrx_word' id='word_1_316' title='bbox 1403 2101 1584 2150; x_wconf 88' lang='lat' dir='ltr'>intuitio</span> <span class='ocrx_word' id='word_1_317' title='bbox 1615 2117 1776 2149; x_wconf 86' lang='lat' dir='ltr'>eorum</span> <span class='ocrx_word' id='word_1_318' title='bbox 1808 2101 1856 2148; x_wconf 90' lang='lat' dir='ltr'>in</span> <span class='ocrx_word' id='word_1_319' title='bbox 1889 2099 2050 2148; x_wconf 89' lang='lat' dir='ltr'>talibus</span> <span class='ocrx_word' id='word_1_320' title='bbox 2087 2107 2194 2164; x_wconf 81' lang='lat' dir='ltr'>quae</span> 
     </span>
     <span class='ocr_line' id='line_1_29' title="bbox 209 2164 2195 2235; baseline -0.002 -18"><span class='ocrx_word' id='word_1_321' title='bbox 209 2179 311 2217; x_wconf 85' lang='lat' dir='ltr'>ante</span> <span class='ocrx_word' id='word_1_322' title='bbox 333 2166 490 2215; x_wconf 84' lang='lat' dir='ltr'>oculos</span> <span class='ocrx_word' id='word_1_323' title='bbox 511 2166 629 2224; x_wconf 87' lang='lat' dir='ltr'>sunt,</span> <span class='ocrx_word' id='word_1_324' title='bbox 654 2166 730 2215; x_wconf 91' lang='lat' dir='ltr'>sed</span> <span class='ocrx_word' id='word_1_325' title='bbox 753 2166 912 2235; x_wconf 70' lang='lat' dir='ltr'>vident</span> <span class='ocrx_word' id='word_1_326' title='bbox 934 2166 1143 2215; x_wconf 86' lang='lat' dir='ltr'>interiora</span> <span class='ocrx_word' id='word_1_327' title='bbox 1163 2182 1221 2216; x_wconf 79' lang='lat' dir='ltr'>ex</span> <span class='ocrx_word' id='word_1_328' title='bbox 1242 2168 1424 2231; x_wconf 85' lang='lat' dir='ltr'>quibus,</span> <span class='ocrx_word' id='word_1_329' title='bbox 1461 2169 1522 2215; x_wconf 89' lang='lat' dir='ltr'>ita</span> <span class='ocrx_word' id='word_1_330' title='bbox 1542 2166 1708 2231; x_wconf 82' lang='lat' dir='ltr'>quibus</span> <span class='ocrx_word' id='word_1_331' title='bbox 1738 2164 2102 2230; x_wconf 86' lang='lat' dir='ltr'>correspondent,</span> <span class='ocrx_word' id='word_1_332' title='bbox 2143 2167 2195 2214; x_wconf 78' lang='grc' dir='ltr'>δι’</span> 
     </span>
     <span class='ocr_line' id='line_1_30' title="bbox 209 2230 2194 2297; baseline -0.002 -15"><span class='ocrx_word' id='word_1_333' title='bbox 209 2234 284 2282; x_wconf 91' lang='lat' dir='ltr'>illa</span> <span class='ocrx_word' id='word_1_334' title='bbox 305 2249 414 2282; x_wconf 89' lang='lat' dir='ltr'>cum</span> <span class='ocrx_word' id='word_1_335' title='bbox 436 2233 565 2280; x_wconf 88' lang='lat' dir='ltr'>omni</span> <span class='ocrx_word' id='word_1_336' title='bbox 587 2233 792 2281; x_wconf 81' lang='lat' dir='ltr'>varietate</span> <span class='ocrx_word' id='word_1_337' title='bbox 815 2230 1060 2281; x_wconf 87' lang='lat' dir='ltr'>secundum</span> <span class='ocrx_word' id='word_1_338' title='bbox 1085 2231 1366 2297; x_wconf 63' lang='lat' dir='ltr'>objectorum</span> <span class='ocrx_word' id='word_1_339' title='bbox 1392 2231 1571 2290; x_wconf 84' lang='lat' dir='ltr'>faciem,</span> <span class='ocrx_word' id='word_1_340' title='bbox 1612 2233 1672 2281; x_wconf 90' lang='lat' dir='ltr'>ita</span> <span class='ocrx_word' id='word_1_341' title='bbox 1695 2233 1828 2281; x_wconf 74' lang='lat' dir='ltr'>simul</span> <span class='ocrx_word' id='word_1_342' title='bbox 1850 2231 2194 2280; x_wconf 86' lang='lat' dir='ltr'>innumerabilia</span> 
     </span>
     <span class='ocr_line' id='line_1_31' title="bbox 214 2297 2190 2363; baseline -0.002 -15"><span class='ocrx_word' id='word_1_343' title='bbox 214 2301 261 2348; x_wconf 88' lang='lat' dir='ltr'>in</span> <span class='ocrx_word' id='word_1_344' title='bbox 283 2299 440 2348; x_wconf 84' lang='lat' dir='ltr'>ordine</span> <span class='ocrx_word' id='word_1_345' title='bbox 461 2299 511 2347; x_wconf 86' lang='lat'>&amp;</span> <span class='ocrx_word' id='word_1_346' title='bbox 534 2314 670 2356; x_wconf 86' lang='lat' dir='ltr'>nexu,</span> <span class='ocrx_word' id='word_1_347' title='bbox 705 2314 812 2362; x_wconf 82' lang='lat' dir='ltr'>quae</span> <span class='ocrx_word' id='word_1_348' title='bbox 845 2311 955 2347; x_wconf 89' lang='lat' dir='ltr'>tunc</span> <span class='ocrx_word' id='word_1_349' title='bbox 980 2299 1040 2347; x_wconf 91' lang='lat' dir='ltr'>ita</span> <span class='ocrx_word' id='word_1_350' title='bbox 1065 2297 1323 2363; x_wconf 86' lang='lat' dir='ltr'>jucundant</span> <span class='ocrx_word' id='word_1_351' title='bbox 1355 2312 1526 2348; x_wconf 88' lang='lat' dir='ltr'>mentes</span> <span class='ocrx_word' id='word_1_352' title='bbox 1549 2315 1727 2356; x_wconf 88' lang='lat' dir='ltr'>eorum,</span> <span class='ocrx_word' id='word_1_353' title='bbox 1767 2311 1819 2347; x_wconf 94' lang='lat' dir='ltr'>ut</span> <span class='ocrx_word' id='word_1_354' title='bbox 1841 2298 2079 2346; x_wconf 83' lang='lat' dir='ltr'>videantur</span> <span class='ocrx_word' id='word_1_355' title='bbox 2111 2313 2190 2346; x_wconf 88' lang='lat' dir='ltr'>au-</span> 
     </span>
     <span class='ocr_line' id='line_1_32' title="bbox 210 2360 2194 2430; baseline -0.001 -17"><span class='ocrx_word' id='word_1_356' title='bbox 210 2364 316 2413; x_wconf 87' lang='lat' dir='ltr'>ferri</span> <span class='ocrx_word' id='word_1_357' title='bbox 338 2381 364 2412; x_wconf 87' lang='lat' dir='ltr'>a</span> <span class='ocrx_word' id='word_1_358' title='bbox 386 2363 457 2413; x_wconf 87' lang='lat' dir='ltr'>se:</span> <span class='ocrx_word' id='word_1_359' title='bbox 492 2365 618 2428; x_wconf 87' lang='lat' dir='ltr'>quod</span> <span class='ocrx_word' id='word_1_360' title='bbox 642 2365 797 2413; x_wconf 87' lang='lat' dir='ltr'>omnia</span> <span class='ocrx_word' id='word_1_361' title='bbox 817 2381 924 2429; x_wconf 85' lang='lat' dir='ltr'>quae</span> <span class='ocrx_word' id='word_1_362' title='bbox 946 2367 992 2413; x_wconf 90' lang='lat' dir='ltr'>in</span> <span class='ocrx_word' id='word_1_363' title='bbox 1017 2365 1145 2413; x_wconf 83' lang='lat' dir='ltr'>coelis</span> <span class='ocrx_word' id='word_1_364' title='bbox 1168 2364 1397 2430; x_wconf 82' lang='lat' dir='ltr'>apparent,</span> <span class='ocrx_word' id='word_1_365' title='bbox 1423 2360 1791 2429; x_wconf 85' lang='lat' dir='ltr'>correspondeant</span> <span class='ocrx_word' id='word_1_366' title='bbox 1812 2365 1995 2412; x_wconf 88' lang='lat' dir='ltr'>Divinis</span> <span class='ocrx_word' id='word_1_367' title='bbox 2028 2380 2133 2428; x_wconf 84' lang='lat' dir='ltr'>quae</span> <span class='ocrx_word' id='word_1_368' title='bbox 2166 2378 2194 2412; x_wconf 84' lang='lat' dir='ltr'>a</span> 
     </span>
     <span class='ocr_line' id='line_1_33' title="bbox 211 2429 2187 2497; baseline -0.002 -16"><span class='ocrx_word' id='word_1_369' title='bbox 211 2431 420 2481; x_wconf 88' lang='lat' dir='ltr'>Domino</span> <span class='ocrx_word' id='word_1_370' title='bbox 449 2430 573 2494; x_wconf 82' lang='lat' dir='ltr'>apud</span> <span class='ocrx_word' id='word_1_371' title='bbox 596 2431 820 2494; x_wconf 85' lang='lat' dir='ltr'>Angelos,</span> <span class='ocrx_word' id='word_1_372' title='bbox 858 2430 1064 2479; x_wconf 80' lang='lat' dir='ltr'>videatur</span> <span class='ocrx_word' id='word_1_373' title='bbox 1087 2430 1216 2496; x_wconf 86' lang='lat' dir='ltr'>supra</span> <span class='ocrx_word' id='word_1_374' title='bbox 1249 2448 1311 2481; x_wconf 87' lang='lat' dir='ltr'>n:</span> <span class='ocrx_word' id='word_1_375' title='bbox 1339 2447 1429 2496; x_wconf 83' lang='lat'>170</span> <span class='ocrx_word' id='word_1_376' title='bbox 1453 2429 1508 2480; x_wconf 82' lang='lat' dir='ltr'>ad</span> <span class='ocrx_word' id='word_1_377' title='bbox 1538 2432 1643 2497; x_wconf 79' lang='lat'>176.</span> <span class='ocrx_word' id='word_1_378' title='bbox 2184 2488 2187 2489; x_wconf 16' lang='lat'><em>⁷</em></span> 
     </span>
     <span class='ocr_line' id='line_1_34' title="bbox 278 2493 2191 2560; baseline 0.001 -15"><span class='ocrx_word' id='word_1_379' title='bbox 278 2513 339 2560; x_wconf 87' lang='lat'>27</span> <span class='ocrx_word' id='word_1_380' title='bbox 351 2514 388 2544; x_wconf 82' lang='lat'>1.</span> <span class='ocrx_word' id='word_1_381' title='bbox 424 2495 571 2560; x_wconf 74' lang='lat' dir='ltr'>Qud</span> <span class='ocrx_word' id='word_1_382' title='bbox 594 2496 764 2559; x_wconf 85' lang='lat' dir='ltr'>Angeli</span> <span class='ocrx_word' id='word_1_383' title='bbox 786 2497 932 2544; x_wconf 89' lang='lat' dir='ltr'>Tertii</span> <span class='ocrx_word' id='word_1_384' title='bbox 955 2496 1081 2545; x_wconf 87' lang='lat' dir='ltr'>Coeli</span> <span class='ocrx_word' id='word_1_385' title='bbox 1103 2497 1211 2545; x_wconf 88' lang='lat' dir='ltr'>tales</span> <span class='ocrx_word' id='word_1_386' title='bbox 1236 2493 1336 2555; x_wconf 86' lang='lat' dir='ltr'>lint,</span> <span class='ocrx_word' id='word_1_387' title='bbox 1375 2497 1439 2545; x_wconf 91' lang='lat' dir='ltr'>est</span> <span class='ocrx_word' id='word_1_388' title='bbox 1494 2498 1565 2545; x_wconf 90' lang='lat' dir='ltr'>uia</span> <span class='ocrx_word' id='word_1_389' title='bbox 1602 2500 1648 2545; x_wconf 89' lang='lat' dir='ltr'>in</span> <span class='ocrx_word' id='word_1_390' title='bbox 1680 2512 1832 2545; x_wconf 85' lang='lat' dir='ltr'>amore</span> <span class='ocrx_word' id='word_1_391' title='bbox 1863 2496 1908 2545; x_wconf 91' lang='lat' dir='ltr'>in</span> <span class='ocrx_word' id='word_1_392' title='bbox 1931 2497 2191 2546; x_wconf 85' lang='lat' dir='ltr'>Dominum</span> 
     </span>
     <span class='ocr_line' id='line_1_35' title="bbox 211 2514 2214 2628; baseline 0 -18"><span class='ocrx_word' id='word_1_393' title='bbox 211 2561 328 2621; x_wconf 88' lang='lat' dir='ltr'>sunt,</span> <span class='ocrx_word' id='word_1_394' title='bbox 362 2563 413 2611; x_wconf 88' lang='lat'>&amp;</span> <span class='ocrx_word' id='word_1_395' title='bbox 436 2562 510 2610; x_wconf 89' lang='lat' dir='ltr'>ille</span> <span class='ocrx_word' id='word_1_396' title='bbox 538 2567 686 2610; x_wconf 85' lang='lat' dir='ltr'>Amor</span> <span class='ocrx_word' id='word_1_397' title='bbox 717 2563 856 2627; x_wconf 89' lang='lat' dir='ltr'>aperit</span> <span class='ocrx_word' id='word_1_398' title='bbox 891 2563 1099 2611; x_wconf 89' lang='lat' dir='ltr'>interiora</span> <span class='ocrx_word' id='word_1_399' title='bbox 1131 2579 1238 2628; x_wconf 76' lang='lat' dir='ltr'>quae</span> <span class='ocrx_word' id='word_1_400' title='bbox 1264 2564 1426 2612; x_wconf 90' lang='lat' dir='ltr'>mentis</span> <span class='ocrx_word' id='word_1_401' title='bbox 1460 2514 1563 2611; x_wconf 55' lang='lat' dir='ltr'>{lunt</span> <span class='ocrx_word' id='word_1_402' title='bbox 1590 2563 1644 2610; x_wconf 91' lang='lat' dir='ltr'>ad</span> <span class='ocrx_word' id='word_1_403' title='bbox 1681 2566 1866 2612; x_wconf 87' lang='lat' dir='ltr'>tertium</span> <span class='ocrx_word' id='word_1_404' title='bbox 1892 2563 2104 2627; x_wconf 87' lang='lat' dir='ltr'>gradum,</span> <span class='ocrx_word' id='word_1_405' title='bbox 2139 2563 2214 2611; x_wconf 65' lang='grc' dir='ltr'>δε.</span> 
     </span>
     <span class='ocr_line' id='line_1_36' title="bbox 209 2628 2205 2693; baseline 0.001 -16"><span class='ocrx_word' id='word_1_406' title='bbox 209 2628 275 2677; x_wconf 83' lang='lat' dir='ltr'>est</span> <span class='ocrx_word' id='word_1_407' title='bbox 309 2629 639 2692; x_wconf 88' lang='lat' dir='ltr'>receptaculum</span> <span class='ocrx_word' id='word_1_408' title='bbox 673 2631 881 2677; x_wconf 89' lang='lat' dir='ltr'>omniurn</span> <span class='ocrx_word' id='word_1_409' title='bbox 907 2628 1143 2692; x_wconf 87' lang='lat' dir='ltr'>sapientiae.</span> <span class='ocrx_word' id='word_1_410' title='bbox 1217 2629 1360 2677; x_wconf 88' lang='lat' dir='ltr'>Porro</span> <span class='ocrx_word' id='word_1_411' title='bbox 1392 2629 1620 2677; x_wconf 89' lang='lat' dir='ltr'>sciendum</span> <span class='ocrx_word' id='word_1_412' title='bbox 1657 2629 1739 2688; x_wconf 78' lang='lat' dir='ltr'>est,</span> <span class='ocrx_word' id='word_1_413' title='bbox 1773 2630 1899 2693; x_wconf 91' lang='lat' dir='ltr'>quod</span> <span class='ocrx_word' id='word_1_414' title='bbox 1923 2628 2091 2692; x_wconf 89' lang='lat' dir='ltr'>Angeli</span> <span class='ocrx_word' id='word_1_415' title='bbox 2115 2628 2205 2678; x_wconf 63' lang='lat' dir='ltr'>Inx</span> 
     </span>
     <span class='ocr_line' id='line_1_37' title="bbox 211 2693 2188 2760; baseline 0.001 -18"><span class='ocrx_word' id='word_1_416' title='bbox 211 2695 314 2743; x_wconf 84' lang='lat' dir='ltr'>timi</span> <span class='ocrx_word' id='word_1_417' title='bbox 336 2695 459 2744; x_wconf 86' lang='lat' dir='ltr'>Coeli</span> <span class='ocrx_word' id='word_1_418' title='bbox 495 2693 632 2758; x_wconf 87' lang='lat' dir='ltr'>usque</span> <span class='ocrx_word' id='word_1_419' title='bbox 661 2696 876 2743; x_wconf 88' lang='lat' dir='ltr'>continue</span> <span class='ocrx_word' id='word_1_420' title='bbox 906 2695 1198 2759; x_wconf 87' lang='lat' dir='ltr'>perficiantur</span> <span class='ocrx_word' id='word_1_421' title='bbox 1222 2694 1443 2760; x_wconf 86' lang='lat' dir='ltr'>sapientia,</span> <span class='ocrx_word' id='word_1_422' title='bbox 1489 2697 1537 2744; x_wconf 86' lang='lat'>&amp;</span> <span class='ocrx_word' id='word_1_423' title='bbox 1563 2696 1650 2744; x_wconf 89' lang='lat' dir='ltr'>hoc</span> <span class='ocrx_word' id='word_1_424' title='bbox 1685 2710 1869 2759; x_wconf 90' lang='lat' dir='ltr'>quoque</span> <span class='ocrx_word' id='word_1_425' title='bbox 1903 2694 2026 2742; x_wconf 88' lang='lat' dir='ltr'>aliter</span> <span class='ocrx_word' id='word_1_426' title='bbox 2047 2709 2188 2758; x_wconf 90' lang='lat' dir='ltr'>quam</span> 
     </span>
     <span class='ocr_line' id='line_1_38' title="bbox 2022 2760 2191 2824; baseline 0.006 -16"><span class='ocrx_word' id='word_1_427' title='bbox 2022 2760 2191 2824; x_wconf 85' lang='lat' dir='ltr'>Angeli</span> 
     </span>
    </p>
   </div>
   <div class='ocr_carea' id='block_1_3' title="bbox 214 2885 2254 3294">
    <p class='ocr_par' dir='ltr' id='par_1_3' title="bbox 214 2885 2254 3294">
     <span class='ocr_line' id='line_1_39' title="bbox 272 2885 2189 2950; baseline 0.002 -19"><span class='ocrx_word' id='word_1_428' title='bbox 272 2886 345 2942; x_wconf 81' lang='lat' dir='ltr'>(d)</span> <span class='ocrx_word' id='word_1_429' title='bbox 375 2885 498 2942; x_wconf 84' lang='lat' dir='ltr'>Qod</span> <span class='ocrx_word' id='word_1_430' title='bbox 524 2888 706 2932; x_wconf 85' lang='lat' dir='ltr'>coelestes</span> <span class='ocrx_word' id='word_1_431' title='bbox 723 2889 870 2944; x_wconf 87' lang='lat' dir='ltr'>Angeli</span> <span class='ocrx_word' id='word_1_432' title='bbox 902 2889 1208 2932; x_wconf 87' lang='lat' dir='ltr'>innumerabilia</span> <span class='ocrx_word' id='word_1_433' title='bbox 1229 2892 1367 2941; x_wconf 84' lang='lat' dir='ltr'>sciant,</span> <span class='ocrx_word' id='word_1_434' title='bbox 1399 2891 1439 2933; x_wconf 84' lang='lat'>&amp;</span> <span class='ocrx_word' id='word_1_435' title='bbox 1469 2892 1708 2932; x_wconf 89' lang='lat' dir='ltr'>immensum</span> <span class='ocrx_word' id='word_1_436' title='bbox 1741 2891 1890 2946; x_wconf 86' lang='lat' dir='ltr'>sapiant</span> <span class='ocrx_word' id='word_1_437' title='bbox 1920 2906 2002 2946; x_wconf 81' lang='lat' dir='ltr'>prae</span> <span class='ocrx_word' id='word_1_438' title='bbox 2024 2892 2189 2950; x_wconf 75' lang='lat' dir='ltr'>Angelis</span> 
     </span>
     <span class='ocr_line' id='line_1_40' title="bbox 214 2943 2189 3006; baseline 0.004 -21"><span class='ocrx_word' id='word_1_439' title='bbox 214 2943 490 2998; x_wconf 80' lang='lat' dir='ltr'>spiritualibus,</span> <span class='ocrx_word' id='word_1_440' title='bbox 522 2961 548 2989; x_wconf 85' lang='lat' dir='ltr'>n</span> <span class='ocrx_word' id='word_1_441' title='bbox 567 2962 575 2988; x_wconf 82' lang='lat' dir='ltr'>z</span> <span class='ocrx_word' id='word_1_442' title='bbox 595 2948 719 3005; x_wconf 88' lang='lat'><em>2718.</em></span> <span class='ocrx_word' id='word_1_443' title='bbox 780 2946 902 3001; x_wconf 82' lang='lat' dir='ltr'>Qod</span> <span class='ocrx_word' id='word_1_444' title='bbox 924 2948 1070 3002; x_wconf 83' lang='lat' dir='ltr'>Angeli</span> <span class='ocrx_word' id='word_1_445' title='bbox 1100 2948 1281 2993; x_wconf 76' lang='lat' dir='ltr'>coelestes</span> <span class='ocrx_word' id='word_1_446' title='bbox 1298 2963 1379 2992; x_wconf 77' lang='lat' dir='ltr'>non</span> <span class='ocrx_word' id='word_1_447' title='bbox 1400 2949 1578 3004; x_wconf 85' lang='lat' dir='ltr'>cogitent</span> <span class='ocrx_word' id='word_1_448' title='bbox 1599 2949 1638 2992; x_wconf 76' lang='grc' dir='ltr'>δι</span> <span class='ocrx_word' id='word_1_449' title='bbox 1665 2948 1880 3003; x_wconf 87' lang='lat' dir='ltr'>loquantur</span> <span class='ocrx_word' id='word_1_450' title='bbox 1899 2963 1949 2991; x_wconf 83' lang='lat' dir='ltr'>ex</span> <span class='ocrx_word' id='word_1_451' title='bbox 1969 2949 2049 2992; x_wconf 84' lang='lat' dir='ltr'>fide</span> <span class='ocrx_word' id='word_1_452' title='bbox 2068 2952 2189 3006; x_wconf 80' lang='lat' dir='ltr'>prout</span> 
     </span>
     <span class='ocr_line' id='line_1_41' title="bbox 214 2999 2183 3063; baseline 0.003 -21"><span class='ocrx_word' id='word_1_453' title='bbox 214 2999 364 3056; x_wconf 85' lang='lat' dir='ltr'>Angeli</span> <span class='ocrx_word' id='word_1_454' title='bbox 385 3001 615 3056; x_wconf 86' lang='lat' dir='ltr'>spirituales,</span> <span class='ocrx_word' id='word_1_455' title='bbox 646 3003 834 3060; x_wconf 87' lang='lat' dir='ltr'>quoniam</span> <span class='ocrx_word' id='word_1_456' title='bbox 865 3018 888 3045; x_wconf 81' lang='lat' dir='ltr'>a</span> <span class='ocrx_word' id='word_1_457' title='bbox 907 3003 1090 3048; x_wconf 83' lang='lat' dir='ltr'>Domino</span> <span class='ocrx_word' id='word_1_458' title='bbox 1110 3006 1427 3061; x_wconf 59' lang='lat' dir='ltr'>in‘perceptione</span> <span class='ocrx_word' id='word_1_459' title='bbox 1441 3008 1627 3049; x_wconf 84' lang='lat' dir='ltr'>omniurn</span> <span class='ocrx_word' id='word_1_460' title='bbox 1645 3020 1737 3063; x_wconf 83' lang='lat' dir='ltr'>quae</span> <span class='ocrx_word' id='word_1_461' title='bbox 1758 3006 1850 3049; x_wconf 82' lang='lat' dir='ltr'>fidei</span> <span class='ocrx_word' id='word_1_462' title='bbox 1872 3007 1974 3048; x_wconf 84' lang='lat' dir='ltr'>sunt.</span> <span class='ocrx_word' id='word_1_463' title='bbox 2011 3022 2038 3050; x_wconf 90' lang='lat' dir='ltr'>n</span> <span class='ocrx_word' id='word_1_464' title='bbox 2055 3022 2066 3048; x_wconf 89' lang='lat'>:</span> <span class='ocrx_word' id='word_1_465' title='bbox 2084 3022 2183 3052; x_wconf 86' lang='lat'>202.</span> 
     </span>
     <span class='ocr_line' id='line_1_42' title="bbox 217 3057 2186 3122; baseline 0.005 -25"><span class='ocrx_word' id='word_1_466' title='bbox 217 3070 315 3113; x_wconf 80' lang='lat'>597.</span> <span class='ocrx_word' id='word_1_467' title='bbox 337 3057 558 3115; x_wconf 84' lang='lat'><strong>607.784.</strong></span> <span class='ocrx_word' id='word_1_468' title='bbox 593 3075 715 3106; x_wconf 82' lang='lat'>1121.</span> <span class='ocrx_word' id='word_1_469' title='bbox 750 3063 872 3118; x_wconf 81' lang='lat'>¹387·</span> <span class='ocrx_word' id='word_1_470' title='bbox 907 3062 1027 3118; x_wconf 83' lang='lat'>1398.</span> <span class='ocrx_word' id='word_1_471' title='bbox 1063 3075 1188 3116; x_wconf 87' lang='lat'><em>1442.</em></span> <span class='ocrx_word' id='word_1_472' title='bbox 1229 3077 1352 3120; x_wconf 85' lang='lat'>¹919·</span> <span class='ocrx_word' id='word_1_473' title='bbox 1387 3064 1513 3121; x_wconf 83' lang='lat'><strong>7680.</strong></span> <span class='ocrx_word' id='word_1_474' title='bbox 1544 3064 1670 3121; x_wconf 78' lang='lat'><em>7877.</em></span> <span class='ocrx_word' id='word_1_475' title='bbox 1702 3065 1830 3120; x_wconf 86' lang='lat'>8780.</span> <span class='ocrx_word' id='word_1_476' title='bbox 1863 3077 1993 3121; x_wconf 85' lang='lat'>9277.</span> <span class='ocrx_word' id='word_1_477' title='bbox 2032 3067 2186 3122; x_wconf 63' lang='lat'>10:336.-</span> 
     </span>
     <span class='ocr_line' id='line_1_43' title="bbox 215 3113 2254 3176; baseline 0.002 -21"><span class='ocrx_word' id='word_1_478' title='bbox 215 3113 342 3169; x_wconf 76' lang='lat' dir='ltr'>Qiod</span> <span class='ocrx_word' id='word_1_479' title='bbox 363 3115 413 3157; x_wconf 86' lang='lat' dir='ltr'>de</span> <span class='ocrx_word' id='word_1_480' title='bbox 433 3116 533 3157; x_wconf 82' lang='lat' dir='ltr'>veris</span> <span class='ocrx_word' id='word_1_481' title='bbox 560 3114 652 3162; x_wconf 79' lang='lat' dir='ltr'>fidei</span> <span class='ocrx_word' id='word_1_482' title='bbox 679 3118 802 3162; x_wconf 81' lang='lat' dir='ltr'>modo</span> <span class='ocrx_word' id='word_1_483' title='bbox 819 3120 953 3160; x_wconf 89' lang='lat' dir='ltr'>dicant</span> <span class='ocrx_word' id='word_1_484' title='bbox 981 3119 1037 3160; x_wconf 83' lang='lat' dir='ltr'>ita</span> <span class='ocrx_word' id='word_1_485' title='bbox 1055 3119 1111 3162; x_wconf 82' lang='lat' dir='ltr'>ita.</span> <span class='ocrx_word' id='word_1_486' title='bbox 1128 3120 1193 3163; x_wconf 83' lang='lat' dir='ltr'>vel</span> <span class='ocrx_word' id='word_1_487' title='bbox 1223 3134 1306 3163; x_wconf 86' lang='lat' dir='ltr'>non</span> <span class='ocrx_word' id='word_1_488' title='bbox 1334 3135 1434 3172; x_wconf 86' lang='lat' dir='ltr'>non,</span> <span class='ocrx_word' id='word_1_489' title='bbox 1464 3130 1506 3163; x_wconf 78' lang='lat' dir='ltr'>at</span> <span class='ocrx_word' id='word_1_490' title='bbox 1524 3123 1631 3176; x_wconf 86' lang='lat' dir='ltr'>quod</span> <span class='ocrx_word' id='word_1_491' title='bbox 1662 3122 1793 3176; x_wconf 86' lang='lat' dir='ltr'>angeli</span> <span class='ocrx_word' id='word_1_492' title='bbox 1820 3120 2035 3176; x_wconf 73' lang='lat' dir='ltr'>spirituales</span> <span class='ocrx_word' id='word_1_493' title='bbox 2061 3125 2184 3165; x_wconf 82' lang='lat' dir='ltr'>ratio·</span> <span class='ocrx_word' id='word_1_494' title='bbox 2250 3156 2254 3160; x_wconf 81' lang='grc'>.</span> 
     </span>
     <span class='ocr_line' id='line_1_44' title="bbox 216 3173 2182 3235; baseline 0.004 -22"><span class='ocrx_word' id='word_1_495' title='bbox 216 3173 406 3213; x_wconf 85' lang='lat' dir='ltr'>cinentur</span> <span class='ocrx_word' id='word_1_496' title='bbox 431 3185 532 3214; x_wconf 84' lang='lat' dir='ltr'>num</span> <span class='ocrx_word' id='word_1_497' title='bbox 555 3173 610 3215; x_wconf 84' lang='lat' dir='ltr'>ita</span> <span class='ocrx_word' id='word_1_498' title='bbox 633 3175 698 3225; x_wconf 80' lang='lat' dir='ltr'>fit,</span> <span class='ocrx_word' id='word_1_499' title='bbox 729 3188 883 3233; x_wconf 75' lang='lat' dir='ltr'>n2271</span> <span class='ocrx_word' id='word_1_500' title='bbox 892 3190 931 3231; x_wconf 83' lang='lat'>5.</span> <span class='ocrx_word' id='word_1_501' title='bbox 969 3177 1095 3233; x_wconf 83' lang='lat'><strong>3246.</strong></span> <span class='ocrx_word' id='word_1_502' title='bbox 1127 3178 1257 3232; x_wconf 84' lang='lat'>4448.</span> <span class='ocrx_word' id='word_1_503' title='bbox 1288 3179 1417 3233; x_wconf 76' lang='lat'>9166.</span> <span class='ocrx_word' id='word_1_504' title='bbox 1448 3179 1619 3234; x_wconf 80' lang='lat'>10786;</span> <span class='ocrx_word' id='word_1_505' title='bbox 1652 3178 1900 3235; x_wconf 81' lang='lat' dir='ltr'>explicantur</span> <span class='ocrx_word' id='word_1_506' title='bbox 1928 3179 1981 3222; x_wconf 87' lang='lat' dir='ltr'>ibi</span> <span class='ocrx_word' id='word_1_507' title='bbox 2013 3179 2182 3224; x_wconf 76' lang='lat' dir='ltr'>Domini</span> 
     </span>
     <span class='ocr_line' id='line_1_45' title="bbox 219 3228 1512 3294; baseline 0.005 -22"><span class='ocrx_word' id='word_1_508' title='bbox 219 3228 356 3285; x_wconf 68' lang='lat' dir='ltr'>yerba,</span> <span class='ocrx_word' id='word_1_509' title='bbox 386 3229 492 3285; x_wconf 81' lang='lat' dir='ltr'>quod</span> <span class='ocrx_word' id='word_1_510' title='bbox 512 3228 636 3289; x_wconf 78' lang='lat' dir='ltr'>sermo</span> <span class='ocrx_word' id='word_1_511' title='bbox 669 3233 747 3275; x_wconf 77' lang='lat' dir='ltr'>erit</span> <span class='ocrx_word' id='word_1_512' title='bbox 768 3233 827 3277; x_wconf 80' lang='lat' dir='ltr'>ita</span> <span class='ocrx_word' id='word_1_513' title='bbox 844 3235 921 3286; x_wconf 77' lang='lat' dir='ltr'>ita,</span> <span class='ocrx_word' id='word_1_514' title='bbox 953 3249 1022 3279; x_wconf 70' lang='lat' dir='ltr'>nan</span> <span class='ocrx_word' id='word_1_515' title='bbox 1052 3248 1141 3285; x_wconf 86' lang='lat' dir='ltr'>non,</span> <span class='ocrx_word' id='word_1_516' title='bbox 1176 3233 1342 3284; x_wconf 80' lang='lat' dir='ltr'>Matth:</span> <span class='ocrx_word' id='word_1_517' title='bbox 1367 3249 1390 3278; x_wconf 85' lang='lat' dir='ltr'>v</span> <span class='ocrx_word' id='word_1_518' title='bbox 1408 3249 1419 3278; x_wconf 71' lang='grc' dir='ltr'>ε</span> <span class='ocrx_word' id='word_1_519' title='bbox 1440 3235 1512 3294; x_wconf 80' lang='grc'>36.</span> 
     </span>
    </p>
   </div>
   <div class='ocr_carea' id='block_1_4' title="bbox 1154 3316 1201 3364">
    <p class='ocr_par' dir='ltr' id='par_1_4' title="bbox 1154 3316 1201 3364">
     <span class='ocr_line' id='line_1_46' title="bbox 1154 3316 1201 3364; baseline 0 0"><span class='ocrx_word' id='word_1_520' title='bbox 1154 3316 1201 3364; x_wconf 89' lang='grc' dir='ltr'>Ο</span> 
     </span>
    </p>
   </div>
  </div>
 </body>
</html>
