2546 3786
528 268 658 333 ’ΒΕ
716 247 1082 365 coELo
1150 289 1246 330 ET
1301 269 1909 331 INFERNO.
2091 285 2220 358 177

286 412 402 463 ·4‘17.
435 395 594 457 'Quam
622 399 893 447 immensum
919 395 972 442 fit
996 394 1186 442 Coelum
1214 395 1422 453 Domini,
1459 395 1656 462 constare
1696 398 1831 443 etiam
1874 393 2018 457 potest
2063 410 2118 441 ex
2158 411 2220 441 eo

206 467 349 529 -vquod
389 481 545 513 omnes
585 466 780 513 Planetae
813 477 964 509 coram
1004 461 1147 508 oeulis
1187 462 1232 508 in
1273 462 1425 510 nostro
1462 456 1651 510 Mundo
1688 462 1815 509 solari
1856 458 2106 522 conspicui,
2142 460 2214 506 fin

222 529 446 588 Tellures,
481 532 530 578 δε
555 542 767 595 praeterea
802 527 928 589 quod
967 529 1309 575 innumerabiles
1349 529 1433 575 lint
1475 530 1520 575 in
1559 527 1785 584 universo,
1821 529 1869 574 &
1894 541 2051 573 omnes
2075 526 2222 589 plenae

223 598 399 652 incolis,
435 596 491 643 de
513 596 675 659 quibus
699 594 744 639 in
770 594 980 656 peculiari
1006 594 1243 657 Opusculo
1268 595 1324 642 de
1351 593 1613 642 Telluribus
1647 594 1731 641 illis
1760 594 1911 640 aetum
1937 590 2015 648 est,
2052 608 2107 638 ex
2127 609 2222 654 quo

225 664 323 710 haec
365 662 585 725 sequentia
622 658 761 706 velim
802 660 969 708 afferre.
1042 666 1075 686 “
1112 661 1257 723 Qod
1297 659 1442 724 plures
1486 662 1692 709 Tellures
1732 661 1830 714 sint,
1876 659 1924 706 &
1967 657 2096 722 super
2137 659 2221 706 illis

227 735 261 756 “
297 729 517 782 homines,
556 725 611 772 δι’
640 725 744 775 inde
767 726 958 788 Spiritus
994 726 1046 773 ὃς
1070 727 1260 789 Angeli,
1297 728 1576 775 notiffimum
1603 727 1681 790 'est
1717 727 1763 774 in
1804 725 1936 773 altera
1968 725 2078 781 vita,
2115 740 2218 771 nam

225 801 259 823 “
294 794 435 841 cuivis
467 790 546 845 ibi,
581 792 660 854 qui
690 807 746 838 ex
778 807 930 839 amore
963 791 1058 838 veri
1094 793 1141 838 δι
1181 792 1286 838 inde
1323 792 1424 838 usus
1461 783 1694 849 desiderat,
1721 809 1836 854 vcum
1865 790 2090 854 spiritibus
2115 788 2218 838 alia-

225 868 260 891 “
296 873 394 906 rum
419 855 663 904 Tellurum
697 858 821 921 loqui
862 858 1142 913 conceditur,
1186 859 1233 904 δε
1269 858 1374 904 inde
1412 858 1671 904 confirmari
1708 858 1767 905 de
1801 857 2048 920 pluralitate
2076 859 2217 904 Mun-

227 932 261 954 “
295 924 478 978 dorum,
517 939 567 969 ac
601 922 830 971 informari
863 924 992 987 quod
1018 923 1174 970 Genus
1214 923 1466 969 humanum
1506 940 1596 969 non
1639 923 1780 970 solum
1818 939 1875 970 ex
1910 939 1997 970 una
2030 923 2218 970 Tellure

224 997 258 1019 “
292 989 360 1045 fit,
405 988 477 1035 sed
515 1004 569 1036 ex
608 990 870 1037 innumeris.
939 991 1185 1052 Loquutus
1210 987 1307 1035 sum
1333 1005 1441 1035 cum
1467 989 1851 1051 nostrae,·Telluris
1875 988 2111 1052 Spiritibus
2136 990 2216 1035 ali-

221 1062 259 1085 '“
293 1056 468 1118 quoties
497 1055 553 1102 de
591 1072 639 1102 ea
674 1072 737 1113 re,
785 1057 834 1104 &
859 1056 1052 1112 dictum,
1093 1055 1217 1118 quod
1243 1055 1385 1102 homo
1408 1057 1485 1113 qui
1511 1050 1738 1121 intellectu
1763 1055 1919 1118 pollet,
1958 1054 2062 1101 scire
2086 1058 2216 1117 poffit

224 1127 258 1151 “
293 1137 348 1167 ex
382 1121 537 1168 multis
569 1138 675 1184 quae
709 1123 852 1178 novit,
895 1123 1021 1185 quod
1047 1121 1197 1185 plures
1221 1122 1426 1168 Tellures
1448 1121 1549 1178 fint,
1579 1122 1649 1177 δε,
1664 1121 1724 1167 ibi
1750 1121 1990 1176 homines;
2021 1135 2134 1166 nam
2159 1137 2214 1167 ex

220 1195 258 1217 “
296 1189 465 1234 ratione
489 1188 699 1235 concludi
723 1188 884 1252 potest,
920 1189 1046 1252 quod
1073 1201 1209 1236 tantae
1234 1188 1394 1244 moles,
1435 1201 1618 1251 quantae
1642 1187 1741 1235 sunt
1762 1188 1979 1242 Planetae,
2016 1196 2217 1249 quorum

226 1262 260 1283 “
297 1254 432 1316 aliqui
474 1254 787 1316 magnitudine
826 1256 1053 1302 excedunt
1088 1254 1202 1302 hanc
1227 1254 1479 1311 Tellurem,
1519 1270 1607 1300 non
1636 1254 1732 1308 ‘sint
1772 1254 1913 1301 moles
1947 1268 2122 1308 vacuae,
2167 1255 2215 1300 &

226 1327 261 1348 ‘⁶
297 1334 453 1366 creatae
490 1332 541 1366 ut
581 1321 722 1368 modo
757 1319 954 1368 ferantur
992 1323 1041 1368 δε
1081 1319 1321 1383 spatientur
1352 1322 1525 1367 circum
1551 1320 1723 1376 Solem,
1766 1335 1816 1366 ac
1854 1320 2030 1367 luceant
2069 1333 2215 1381 pauco

227 1393 262 1416 “
299 1386 378 1432 suo
401 1386 570 1432 lumine
586 1403 679 1449 ⁸pro
702 1403 790 1434 una
813 1387 1015 1443 Tellure,
1053 1386 1124 1433 sed
1163 1387 1288 1450 quod
1329 1387 1510 1434 illorum
1545 1386 1646 1433 usus
1671 1385 1899 1449 insignior,
1934 1395 2071 1449 quam
2096 1385 2212 1439 talis,

224 1458 261 1483 ‘⁴
297 1465 499 1515 oporteat
539 1452 635 1500 effe.
707 1453 804 1510 Qui
848 1453 1007 1509 credit,
1054 1453 1167 1500 sicut
1202 1453 1387 1516 quisque
1426 1452 1602 1500 credere
1642 1452 1791 1507 debet,
1836 1452 1961 1514 quod
1986 1451 2214 1498 Divinum

227 1525 261 1548 “
298 1534 387 1565 non
412 1520 626 1566 creaverit
649 1517 924 1566 Universum
950 1522 1135 1582 propter
1156 1520 1295 1566 alium
1319 1520 1475 1575 finem,
1521 1534 1660 1581 quam
1696 1531 1747 1565 ut
1771 1518 2044 1566 Humanum
2070 1531 2214 1580 genus

227 1590 262 1613 “
297 1585 466 1640 existat,
515 1585 563 1630 δε
597 1585 702 1632 inde
727 1584 934 1641 Coelum,
975 1601 1078 1631 nam
1105 1585 1550 1632 Genus'humanum
1591 1585 1668 1632 est·
1694 1583 1979 1631 seminarium
2002 1583 2141 1638 Coeli,
2177 1583 2214 1629 is

225 1658 261 1680 “
297 1667 386 1696 non
409 1649 553 1713 potest
576 1666 667 1697 non
691 1650 883 1706 credere,
917 1665 1056 1713 quam
1080 1650 1204 1713 quod
1231 1650 1434 1697 homines
1459 1650 1558 1706 sint,
1582 1650 1841 1713 ubicunque
1864 1651 2013 1712 aliqua
2038 1647 2210 1696 Tellus.

226 1722 260 1746 ‘⁷‘
298 1716 441 1777 Quod
466 1716 682 1772 Planetae,
724 1716 803 1778 qui
837 1732 990 1764 coram
1019 1716 1161 1764 oculis
1187 1716 1343 1763 nostris
1367 1716 1558 1763 visibiles
1582 1716 1696 1771 sunt,
1737 1716 1842 1779 quia
1864 1718 1977 1763 intra
2000 1715 2217 1762 terminos

226 1788 262 1812 “
299 1782 470 1828 Mundi
510 1779 643 1844 hujus
681 1780 798 1838 solis,
840 1782 1048 1830 Tellures
1087 1782 1188 1839 sint,
1236 1781 1462 1829 manifeste
1486 1783 1582 1830 sciri
1606 1783 1751 1845 potest
1774 1798 1830 1829 ex
1852 1799 1922 1839 eo,
1964 1781 2087 1845 quod
2113 1796 2212 1828 cor-

226 1854 263 1877 “
299 1864 409 1910 pora
442 1847 651 1894 terrestris
680 1848 880 1894 materiae
915 1847 1016 1904 sint,
1057 1849 1161 1911 quia
1184 1848 1298 1909 Solis
1337 1848 1491 1896 lumen
1526 1849 1774 1904 reflestunt,
1822 1849 1872 1895 ὅτ
1912 1848 2095 1910 inspecti
2132 1862 2212 1910 per

229 1919 266 1943 “
300 1915 414 1960 vitra
445 1914 594 1977 optica
630 1929 719 1961 non
756 1926 967 1978 apparent
997 1913 1109 1961 ficut
1139 1913 1278 1961 stellae
1309 1914 1430 1962 rutili
1454 1930 1509 1961 ex
1533 1915 1732 1970 flamma,
1772 1913 1846 1960 sed
1874 1914 1982 1960 sicut
2005 1926 2133 1960 terrae
2155 1926 2214 1958 ex

230 1986 267 2010 ‘⁶
301 1979 494 2026 obscuris
527 1981 771 2042 variegati;
815 1994 914 2027 tum
953 1996 1007 2027 ex
1045 1996 1116 2036 eo,
1162 1980 1287 2043 quod
1321 1980 1402 2037 illi,
1445 1980 1644 2028 similiter
1665 1994 1715 2028 ac
1740 1979 1885 2027 nostra
1907 1978 2083 2035 Tellus,
2125 1979 2214 2024 cir-

231 2051 267 2074 “
302 2061 407 2091 cum
435 2044 590 2092 Solem
627 2045 825 2092 ferantur
856 2047 906 2092 δε
942 2046 1291 2108 progrediantur
1322 2047 1395 2093 via
1417 2047 1625 2103 Zodiaci‚
1666 2048 1714 2093 ὅτ
1740 2046 1843 2092 inde
1865 2044 2027 2092 faciant
2051 2047 2213 2093 Annos

230 2116 268 2140 ‘⁴
302 2111 351 2158 &
384 2111 511 2158 Anni
546 2123 764 2175 tempora,
803 2127 910 2175 quae
933 2113 1034 2159 sunt
1057 2112 1166 2168 Ver,
1195 2111 1361 2168 AEstas,
1396 2115 1665 2160 Autumnus
1688 2112 1736 2160 δε
1760 2112 1976 2174 Hyems·,
2015 2109 2215 2158 similiter

232 2183 269 2207 “
302 2178 426 2240 quod
452 2178 622 2224 circum
657 2193 786 2225 axem
823 2177 972 2234 suum,
1013 2179 1174 2243 pariter
1210 2193 1260 2225 ac
1295 2177 1440 2225 nostra
1462 2179 1638 2234 TelluS,
1686 2191 1904 2233 rotentur,
1944 2178 1993 2224 &
2020 2178 2123 2223 inde
2147 2174 2212 2223 fa-

234 2251 266 2271 ‘0
302 2245 418 2290 ciant
439 2244 566 2298 Dies,
613 2245 661 2291 ὅτ
686 2244 771 2291 diei
796 2256 1016 2308 tempora,
1054 2260 1217 2307 nempe
1243 2245 1398 2300 Mane,
1438 2245 1701 2301 Meridiem,
1740 2243 1983 2307 Vesperam
2017 2244 2066 2290 ὅτ
2089 2242 2216 2290 Noc-

235 2314 270 2337 “
304 2321 428 2364 tem,
476 2309 524 2356 &
550 2309 726 2373 insuper
759 2311 884 2373 quod
927 2311 1064 2374 aliqui
1095 2326 1255 2358 eorum
1282 2311 1469 2358 habeant
1493 2312 1666 2367 Lunas,
1706 2327 1812 2373 quae
1835 2322 2054 2359 vocantur
2077 2308 2216 2355 Satel-

235 2381 269 2402 “
308 2374 422 2430 lites,
459 2375 507 2422 &
531 2376 703 2422 circum
728 2377 884 2424 orbem
927 2376 1058 2425 suum
1098 2376 1217 2425 statis
1255 2377 1533 2440 temporibus
1558 2390 1798 2440 vagantur,
1842 2376 1952 2424 ficut
1974 2375 2109 2422 Luna
2131 2376 2217 2421 cir-

236 2448 269 2470 “
305 2456 410 2486 cum
439 2440 675 2496 nostrum;
718 2443 768 2488 δε
804 2442 928 2506 quod
954 2443 1135 2491 Planeta
1167 2443 1402 2500 Saturnus,
1441 2445 1546 2507 quia
1585 2444 1837 2506 longissime
1873 2459 1896 2489 a
1929 2441 2032 2489 Sole
2069 2440 2219 2497 distat,

237 2513 272 2536 “
307 2507 463 2553 habeat
505 2523 688 2570 quoque
726 2509 980 2571 Cingulum
1029 2517 1251 2572 magnum
1297 2509 1590 2565 luminosum,
1637 2510 1761 2573 quod
1810 2508 2002 2556 multam
2049 2508 2217 2563 lucem,

239 2580 272 2601 “
309 2572 480 2619 tametsi
521 2574 748 2630 reflexam,
795 2575 940 2622 telluri
981 2575 1050 2622 isti
1084 2576 1175 2622 dat.
1246 2576 1366 2633 Quis
1391 2575 1597 2640 usquam,
1640 2577 1719 2639 qui
1761 2576 1857 2622 haec
1897 2575 2043 2628 novit,
2084 2574 2131 2620 &
2156 2589 2216 2620 ex

240 2645 277 2668 “
307 2641 477 2685 ratione
501 2640 686 2703 cogitat,
720 2639 865 2688 dicere
888 2641 1049 2705 potest,
1091 2641 1214 2704 quod
1241 2641 1339 2689 liaec
1362 2642 1504 2690 inania
1529 2656 1716 2705 corpora
1739 2642 1837 2689 sint.
1907 2640 2088 2703 Insuper
2111 2655 2220 2686 cum

243 2702 278 2733 “
313 2705 551 2768 Spiritibus
576 2700 789 2768 loquutus
812 2705 928 2763 sum,
969 2708 1096 2771 quod
1130 2708 1186 2754 ab
1226 2707 1409 2755 homine
1447 2707 1567 2755 credi
1605 2720 1757 2770 queat,
1797 2705 1921 2769 quod
1947 2707 1991 2752 in
2016 2705 2222 2752 universo

244 2776 280 2798 ‘⁶
313 2770 396 2818 fint
422 2772 626 2833 Tellures
663 2771 812 2834 plures
845 2789 984 2836 quam
1025 2789 1132 2828 una,
1173 2789 1229 2820 ex
1266 2790 1320 2822 eo
1358 2774 1484 2837 quod
1510 2773 1696 2820 Coelum
1725 2771 1994 2820 Astriferum
2019 2785 2109 2818 tam
2136 2772 2225 2819 im-

247 2841 281 2863 “
319 2837 519 2883 mensum
560 2837 628 2893 sit,
669 2853 719 2884 ac
758 2850 828 2886 tot
866 2838 1207 2886 innumerabiles
1242 2839 1303 2886 ibi
1326 2838 1494 2895 Stellae,
1529 2835 1723 2901 quarum
1765 2839 2025 2901 unaquaevis
2062 2838 2106 2884 in
2147 2837 2226 2884 suo

247 2908 282 2929 ‘⁶
320 2900 419 2946 loco
443 2902 515 2949 seu
537 2905 580 2950 in
607 2903 683 2950 suo
708 2904 881 2959 mundo
904 2904 967 2952 est
990 2905 1084 2961 Sol,
1110 2920 1162 2951 ac
1185 2904 1315 2952 instar
1340 2904 1476 2952 nostri
1498 2905 1630 2959 Solis,
1667 2906 1712 2952 in
1739 2906 1858 2951 varia
1876 2903 2191 2967 magnitudine
2212 2923 2223 2951 :

250 2973 284 2994 “
324 2967 402 3028 qui
427 2967 506 3014 rite
540 2971 769 3033 expendit,
817 2971 851 3017 is
891 2971 1139 3032 concludit,
1182 2971 1308 3034 quod
1346 2983 1496 3020 totum
1538 2971 1649 3018 illud
1690 2984 1783 3020 tam
1824 2969 2094 3017 immensum
2135 2986 2227 3017 non

247 3039 282 3060 “
309 3033 448 3095 ‘possit
470 3047 560 3079 non
581 3035 662 3081 effe
685 3052 823 3099 quam
845 3037 1049 3084 medium
1089 3037 1146 3084 ad
1184 3038 1340 3094 finem,
1377 3039 1458 3100 qui
1497 3037 1685 3085 ultimus
1724 3039 1973 3092 creationiS,
2014 3037 2093 3099 qui
2125 3036 2227 3083 finis

249 3103 283 3125 “
318 3097 380 3144 est
405 3098 851 3160 RegnumCoeleste,
892 3104 941 3150 in
975 3116 1070 3166 quo
1087 3103 1313 3150 Divinum
1338 3119 1448 3151 cum
1473 3103 1663 3167 Angelis
1685 3105 1733 3150 &
1757 3103 2015 3151 hominibus
2039 3101 2229 3150 habitare

252 3168 287 3191 “
323 3161 496 3226 potest,
535 3164 808 3231 Universum
832 3170 954 3217 enim
978 3167 1252 3231 aspefilabile,
1295 3166 1368 3215 seu
1391 3167 1579 3216 Coelum
1604 3169 1769 3225 illustre
1792 3181 1861 3216 tot
1881 3167 2230 3216 innumeralibus

251 3234 289 3286 ‘f
325 3228 475 3286 stellis,
513 3244 619 3293 quae
642 3228 743 3280 sunt
765 3235 956 3285 totidem
982 3234 1124 3292 SoleS,
1157 3233 1219 3282 est
1244 3234 1387 3282 modo
1411 3234 1613 3283 medium
1637 3235 1896 3284 utiexistant
1920 3235 2139 3301 Tellures,
2182 3233 2230 3278 &

1378 3300 1419 3348 Ζ
1848 3352 1850 3356 ,
2114 3300 2242 3360 super
