2546 3786
294 267 382 332 60
601 238 2005 330 DacoEn02T1NFnRNo;

364 409 468 458 147.
505 392 617 441 Inde
642 401 782 454 patet,
818 389 963 453 qualis
984 386 1218 452 praesentia
1232 387 1427 438 Domini
1449 387 1511 436 est
1533 387 1580 434 in
1601 386 1763 444 Coelis,
1798 386 1923 451 quod
1958 385 2011 434 sit
2033 379 2197 448 ubivis,
2220 390 2270 440 ὅτ.

296 460 416 523 apud
443 457 795 520 unumquemvis
818 455 864 501 in
889 456 1016 502 Bono
1049 455 1099 502 &
1118 452 1259 508 Vero,
1296 468 1403 517 quae
1435 453 1491 501 ab
1513 451 1616 516 Ipso
1638 453 1921 515 procedunt;
1956 452 2274 516 consequenter

302 525 427 588 quod
453 524 505 570 {it
539 524 583 570 in
607 521 701 569 Suo
733 519 853 583 apud
879 519 1100 582 Angelos,
1138 531 1191 566 ut
1223 518 1355 582 supra
1385 534 1444 565 n:
1468 533 1521 567 12
1548 518 1723 566 dictum
1755 518 1851 573 est3
1891 519 2122 581 perceptio
2157 535 2273 583 prae-

301 591 452 638 sentiae
489 587 679 636 Domini
712 585 776 633 est
815 585 862 632 in
901 583 1184 632 interioribus
1221 598 1400 640 eorum,
1429 598 1486 630 ex
1524 583 1610 630 illis
1650 584 1807 632 vident
1829 584 1987 640 Oculi,
2027 586 2089 631 ita
2123 584 2277 648 Ipsum

298 669 422 704 extra
447 653 503 710 se,
539 654 645 716 quia
676 652 738 699 est
773 652 1077 698 continuum:
1118 649 1222 697 inde
1254 648 1451 696 constare
1474 648 1638 712 potest,
1669 650 1907 712 quomodo
1930 649 2278 712 intelligendum

296 720 375 776 est,
410 719 536 782 quod
567 719 796 764 Dominus
835 716 890 763 stt
921 716 967 762 in
991 715 1096 771 illis,
1136 716 1185 762 &
1209 714 1275 762 illi
1305 717 1352 761 in
1371 715 1596 771 Domino,
1637 712 1883 763 secundum
1909 716 2099 762 Domini
2124 717 2280 773 verba,

299 791 333 812 “
359 789 536 832 Manete
557 785 603 830 in
624 784 720 839 Me,
754 782 811 831 Β
834 782 928 844 Ego
949 782 995 828 in
1016 781 1187 837 vobis,''
1227 780 1318 841 Joh
1345 795 1440 829 :xv
1460 797 1471 827 :
1493 795 1525 838 4
1548 797 1559 828 ε
1606 778 1700 844 Q?
1721 779 1808 831 edit
1839 797 1970 829 meam
1993 782 2184 839 Carnem,
2222 783 2280 831 &

296 845 405 897 bibit
437 865 568 897 meum
592 850 860 910 Sanguinem,
899 850 944 893 in
967 851 1050 896 Me
1069 856 1210 894 manet
1242 844 1298 894 {9²
1323 848 1414 908 Ego
1436 846 1482 892 in
1503 844 1625 902 illo,”
1662 844 2001 908 Joh:v1:56;
2038 848 2158 895 Caro
2182 850 2279 896 Do·

298 916 410 962 mini
435 915 653 979 fignificat
669 915 896 961 Divinum
921 914 1121 968 Bonum,
1155 913 1204 959 δε
1230 912 1420 975 Sanguis
1447 911 1671 957 Divinum
1689 910 1861 958 Verum
1878 911 2028 972 (bbb).

373 986 461 1039 148
516 982 692 1026 Omnes
730 981 775 1026 in
798 979 945 1026 Coelis
984 977 1187 1025 habitant
1221 976 1416 1024 distineti
1457 974 1703 1023 secundum
1740 977 1917 1039 Plagas,
1956 978 2014 1024 ad
2044 977 2282 1028 Orientem

304 1047 354 1098 δι
378 1045 678 1103 Occidentem
707 1044 906 1105 habitant
936 1045 1017 1107 qui
1050 1045 1094 1101 in
1129 1043 1251 1097 bono
1279 1043 1444 1091 amoris
1477 1040 1594 1098 sunt,
1628 1042 1683 1088 ad
1708 1043 1947 1099 Orientam
1982 1043 2064 1107 qui
2101 1045 2147 1092 in
2183 1062 2283 1110 per·

303 1113 510 1175 ceptione
558 1111 672 1158 clara
704 1108 815 1173 ejuS,
855 1110 912 1157 ad
946 1108 1248 1166 Occidentem
1280 1108 1371 1171 -qui
1402 1107 1449 1154 in
1486 1109 1772 1171 perceptione
1817 1105 2003 1157 obscura
2038 1106 2132 1172 ejus
2151 1119 2174 1167 ·,¹
2210 1112 2285 1159 ad

302 1177 547 1225 Meridiem
572 1178 619 1225 δε
643 1176 999 1239 Septentrionem
1025 1173 1222 1221 habitant
1253 1174 1333 1237 qui
1375 1173 1422 1220 in
1446 1172 1654 1236 sapientia
1686 1173 1806 1231 inde,
1839 1174 1894 1223 ad
1931 1174 2164 1224 meridiem
2203 1179 2288 1242 qui

305 1243 351 1291 in
389 1241 615 1305 sapientiae
654 1241 751 1288 luce
791 1240 921 1297 clara,
967 1240 1024 1287 ad
1063 1239 1408 1302 septentrionem
1450 1239 1530 1302 qui
1575 1239 1621 1287 in
1668 1239 1892 1302 sapientiae
1936 1239 2038 1287 luce
2084 1241 2284 1290 obscura.

304 1303 520 1356 Similiter
554 1306 755 1354 habitant
779 1305 968 1369 Angeli,
1001 1306 1084 1369 qui
1117 1307 1164 1353 in
1194 1307 1361 1368 Regno
1393 1303 1608 1367 spirituali
1629 1305 1823 1354 Domini
1846 1305 1964 1362 sunt,
1999 1305 2112 1354 ficut
2134 1309 2291 1371 quiin

300 1374 474 1436 ‘Regno
495 1371 665 1419 coelesti
685 1371 843 1435 ipsius,
881 1387 988 1419 cum
1010 1368 1260 1419 differentia
1282 1384 1432 1420 tamen
1455 1368 1700 1417 secundum
1730 1370 1903 1419 bonum
1937 1374 2101 1425 amoris
2133 1374 2182 1420 ὅτ.
2215 1374 2286 1421 lu-

302 1455 403 1496 cem
436 1440 531 1486 ueri
563 1453 620 1484 ex
658 1438 811 1493 bono;
851 1453 958 1484 narn
993 1439 1145 1487 Amor
1177 1437 1222 1484 in
1242 1437 1412 1499 Regno
1434 1434 1620 1483 Coelesti
1642 1434 1707 1482 est
1729 1437 1882 1484 Amor
1920 1437 1966 1485 in
2005 1439 2290 1496 Dominum,

303 1509 353 1561 δι
393 1503 502 1559 Lux
542 1505 636 1551 veri
683 1503 786 1561 inde
820 1502 885 1551 est
919 1502 1160 1567 sapientia3
1201 1504 1247 1550 in
1288 1504 1456 1565 Regno
1488 1513 1638 1549 autem
1679 1500 1892 1565 spirituali
1922 1502 1987 1550 est
2017 1517 2146 1552 amor
2181 1520 2295 1568 erga

303 1571 567 1633 proximum
603 1571 684 1632 qui
724 1570 926 1617 Charitas
963 1580 1169 1625 vocatur,
1209 1569 1259 1617 ὅτ,
1295 1568 1407 1616 Lux
1447 1568 1542 1615 veri
1588 1567 1693 1614 inde
1729 1565 1791 1614 est
1829 1566 2136 1632 intelligentia,
2180 1586 2288 1634 quae

302 1651 488 1699 quoque
517 1630 703 1692 vocatur
725 1634 877 1692 Fides,
910 1634 1114 1685 videatur
1136 1634 1266 1697 supra
1302 1650 1363 1681 n:
1387 1648 1408 1682 2
1419 1650 1475 1696 3:
1515 1632 1733 1680 differunt
1755 1634 1894 1681 etiam
1928 1635 2079 1698 quoad
2113 1636 2287 1700 plagas,

304 1717 411 1748 nam
437 1701 585 1764 plagae
605 1700 653 1748 in
676 1715 770 1753 uno
792 1702 842 1750 δε
863 1699 1002 1748 altero
1025 1702 1192 1764 Regno
1223 1698 1387 1748 distant
1409 1701 1523 1747 inter
1546 1698 1588 1746 se
1622 1700 1807 1762 triginta
1827 1700 2059 1762 gradibus,
2098 1714 2152 1749 ut
2173 1717 2291 1750 mox-

305 1765 522 1830 suprassn:
554 1767 659 1826 146,
700 1759 874 1816 dietum
895 1766 972 1814 est.
1358 1826 1360 1828 ‚

339 1880 342 1893 Ξ
379 1848 484 1895 149.
522 1832 740 1883 Similiter
770 1830 970 1891 habitant
993 1830 1165 1895 Angeli
1203 1833 1317 1879 inter
1355 1830 1398 1878 se
1437 1831 1482 1879 in
1521 1832 1768 1894 unaquavis
1808 1832 2026 1880 Societate
2065 1832 2200 1890 coeli,
2229 1834 2292 1880 ad

307 1896 542 1945 Orientem
569 1897 629 1944 ibi
659 1898 739 1961 qui
776 1897 822 1944 in
847 1895 1006 1961 majori
1035 1897 1182 1962 gradu
1214 1898 1380 1946 amoris
1418 1899 1469 1945 ὅτ.
1508 1899 1731 1945 charitatis
1753 1897 1870 1954 sunt,
1907 1898 2296 1949 adVOccidentem*

307 1964 386 2025 qui
423 1965 468 2010 in
511 1965 712 2018 minori;
753 1963 811 2010 ad
844 1963 1093 2014 Merid'iem
1127 1964 1286 2027 quiin
1306 1961 1473 2027 majore
1509 1964 1608 2010 luce
1630 1963 1854 2027 sapient-iae
1875 1964 1924 2010 ὅτ
1958 1963 2286 2028 intelligentiae,

307 2031 364 2091 ad
388 2030 747 2094 Septentrionem
771 2030 850 2092 qui
883 2030 934 2083 in⁴
959 2032 1151 2083 minore,
1218 2030 1365 2086 Quod
1386 2029 1676 2084 ,itadistinffi
1710 2029 1925 2084 habitent,
1960 2028 2023 2075 est
2045 2033 2153 2092 quia
2180 2046 2292 2078 una-

311 2097 486 2156 quaevis
511 2090 705 2142 Societas
738 2093 869 2141 refert
902 2093 1094 2150 coelum,
1135 2096 1183 2141 ὅτ.
1207 2108 1391 2156 quoque
1426 2092 1489 2147 est
1524 2092 1696 2140 coelum
1730 2094 1775 2139 in
1815 2095 1987 2142 minore
2020 2092 2185 2151 forma,
2219 2097 2291 2142 vi·

224 2206 227 2209 ,
304 2160 466 2219 (icatur
498 2158 626 2222 supra
664 2175 804 2219 n:51
849 2159 906 2206 ad
945 2161 1035 2221 58:
1081 2157 1222 2217 simile
1258 2159 1312 2206 fit
1347 2159 1394 2204 in
1433 2157 1758 2206 Conventibus.
1828 2160 2054 2206 Feruntur
2088 2160 2133 2207 in
2170 2162 2296 2208 hunc

310 2218 517 2289 ordinem
540 2230 597 2273 ex
615 2223 769 2289 forma
794 2225 934 2280 Coeli,
973 2241 1030 2272 ex
1050 2240 1149 2288 qua:
1173 2223 1471 2287 unusquisque
1508 2221 1588 2272 scit
1620 2224 1749 2271 suum
1779 2224 1949 2272 locum.
2018 2225 2294 2273 Providetur

270 2312 277 2319 ·
311 2291 447 2339 etiam
480 2306 505 2336 a
526 2291 749 2351 Domino,
787 2303 839 2336 ut
860 2291 906 2338 in
932 2291 1177 2354 unaquavis
1201 2291 1416 2338 Societate
1441 2289 1494 2336 sit
1531 2305 1588 2337 ex
1623 2291 1750 2337 omni
1784 2306 1963 2352 genere,
2001 2291 2206 2339 excausa
2239 2305 2295 2339 ut

316 2356 507 2403 Coelum
531 2355 584 2403 fit
607 2356 757 2420 quoad
781 2354 974 2413 formam
1013 2357 1094 2403 fibi
1126 2356 1268 2404 fimile
1292 2356 1439 2404 ubivis
1459 2373 1471 2404 :
1519 2354 1593 2403 sed
1617 2356 1754 2419 usque
1778 2356 1931 2404 differt
1964 2358 2186 2406 ordinatio
2219 2370 2292 2405 to-

262 2436 264 2439 ·
317 2422 404 2485 tius
429 2421 549 2469 Coeli
585 2422 642 2469 ab
674 2423 958 2470 ordinatione
980 2423 1227 2479 Societatis,
1262 2436 1315 2469 ut
1351 2438 1599 2477 commune
1636 2439 1660 2469 a
1683 2423 1935 2486 particulari
1955 2445 1973 2479 ·,
2014 2440 2118 2471 nam
2141 2425 2291 2472 Socie-

313 2499 423 2553 tates
448 2502 553 2549 quae
575 2489 630 2535 ad
653 2488 887 2550 Orientem
913 2488 1031 2546 sunt,
1066 2487 1278 2552 praestant
1301 2488 1385 2536 illis
1408 2487 1686 2536 societatibus
1702 2504 1807 2552 quae
1831 2490 1886 2536 ad
1908 2491 2208 2547 occidentem,
2241 2490 2293 2536 &

314 2567 419 2616 quae
442 2552 497 2599 ad
522 2553 756 2601 meridiem
781 2553 991 2616 praestant
1013 2555 1099 2602 illis
1122 2571 1230 2618 quae
1251 2555 1307 2601 ad
1335 2554 1695 2616 septentrionem.

389 2635 494 2679 150.
530 2618 712 2666 Exinde
749 2618 828 2676 est,
869 2619 995 2682 quod
1018 2620 1174 2683 Plagae
1209 2623 1254 2666 in
1279 2620 1426 2673 Coelis
1461 2620 1711 2688 significent
1735 2620 1853 2679 talia,
1892 2635 2000 2684 quae
2033 2619 2151 2683 apud
2191 2619 2290 2668 illos

314 2684 396 2746 qui
422 2685 482 2730 ibi
506 2683 719 2740 habitant,
762 2701 923 2748 nempe
947 2686 1108 2733 Oriens
1131 2686 1406 2738 amorem&
1429 2683 1524 2748 ejus
1559 2687 1736 2739 bonum,
1769 2688 1814 2733 in
1839 2686 2123 2750 perceptione
2159 2686 2291 2743 clara,

319 2751 545 2797 Occidens
567 2750 640 2798 illa
664 2752 709 2797 in
733 2752 1016 2814 perceptione
1040 2751 1239 2808 obscura,
1277 2750 1493 2798 Meridies
1523 2750 1781 2815 sapientiam
1801 2753 1850 2800 ὅτ
1875 2749 2207 2813 intelligentiam
2245 2753 2295 2799 in

319 2811 418 2861 luce
443 2815 574 2871 clara,
604 2818 650 2863 ὅτ,
675 2817 928 2880 Septentrio
952 2817 1048 2865 illas
1073 2819 1118 2864 in
1142 2818 1242 2864 luce
1264 2816 1463 2865 obscura.
1532 2818 1597 2865 Et
1620 2820 1726 2882 quia
1759 2819 1860 2866 talia
1883 2817 2185 2880 significantur
2212 2834 2292 2881 per

323 2880 416 2927 illas
446 2882 620 2945 plagas,
674 2883 776 2930 ideo
812 2884 969 2933 similia
999 2899 1079 2948 per
1111 2883 1206 2931 illas
1244 2883 1552 2947 significantur
1588 2885 1636 2931 in
1674 2885 1812 2932 Verbi
1850 2882 1970 2931 sensu
2005 2883 2178 2930 interno
2218 2884 2311 2934 seu.

333 2973 339 2983 ·
783 2976 786 2980 ›
1539 2952 1541 2954 ’
2169 2949 2294 3013 spiri-

382 3059 498 3114 (bbb)
531 3057 653 3112 Qod
674 3060 781 3103 Caro
801 3061 971 3103 Domini
997 3063 1036 3104 in
1059 3063 1197 3105 Verbo
1228 3063 1421 3120 significet
1443 3064 1642 3107 Divinum
1670 3065 1908 3110 Humanum
1939 3062 2077 3116 Ipsius,
2107 3078 2155 3105 ac
2174 3064 2293 3119 Divi÷

325 3129 424 3156 num
445 3115 604 3158 Bonum
627 3119 787 3160 Amoris
818 3118 954 3173 IpsiuS‚
986 3135 1012 3161 n
1030 3135 1040 3162 :
1060 3121 1185 3178 3813.
1209 3123 1335 3179 7850.
1357 3136 1485 3179 9127.
1513 3123 1665 3178 10283.
1724 3121 1780 3162 Et
1811 3121 1917 3176 quod
1938 3121 2101 3176 Sanguis
2123 3120 2293 3164 Domini

324 3171 515 3226 significet
536 3173 735 3215 Divinum
757 3175 910 3218 Verum
932 3177 971 3218 &
991 3178 1168 3220 sanQum
1189 3178 1300 3227 fidei,
1327 3194 1353 3220 n
1374 3195 1383 3220 :
1401 3192 1530 3237 4735.
1549 3180 1680 3237 4978.
1701 3192 1827 3237 7317.
1855 3179 1979 3235 7326.
2013 3179 2138 3235 7846.
2165 3179 2290 3236 7850.

325 3230 451 3286 7877.
478 3243 604 3287 91²7·
626 3246 753 3289 9393.
780 3235 931 3276 10026.
966 3247 1119 3292 10033.
1153 3249 1305 3292 10152.
1341 3249 1494 3293 10204.
