2546 3786
307 287 391 352 72
463 272 475 279 '
613 271 732 332 Dz
797 258 1159 329 COELIO
1227 287 1328 331 arr
1386 259 1968 329 INFE‘RNO.

307 408 464 451 terra-3
507 394 581 443 sed
619 395 744 458 quod
784 395 883 442 idea
919 393 1018 441 haec
1056 394 1331 450 communis,
1369 410 1477 459 quae
1510 394 1573 442 est
1606 409 1663 441 ex
1695 392 1868 440 influxu
1891 390 2033 449 Coeli,
2076 390 2196 443 illico
2227 392 2276 443 In

301 462 491 510 nihilum
517 461 659 515 cadat,
700 476 805 507 cum
832 460 1027 506 mittitur
1058 459 1139 505 sub
1171 459 1457 506 intuitionem
1481 460 1526 506 in
1551 460 1704 507 medio
1737 460 1786 505 ὅτ
1809 459 2145 521 cogitationem,
2179 476 2278 522 num

301 528 367 572 ita
396 527 477 584 stt,
518 527 642 588 quod
678 526 730 571 fit
769 525 991 587 imprimis
1025 523 1386 587 apud'Eruditos
1429 525 1510 588 qui
1549 540 1627 588 per
1669 525 1894 587 propriam
1934 523 2276 586 intelligentiam

225 632 228 635 ,
301 591 618 653 praecluserunt
648 591 725 637 fibi
760 591 930 636 coelum
956 590 1004 636 ὅτ
1028 591 1151 635 viam
1173 590 1286 635 lucis
1309 589 1428 636 inde.
1499 589 1715 636 Similiter
1746 590 1802 636 fit
1834 605 1939 636 cum
1971 588 2060 635 fide
2097 589 2153 635 de
2184 590 2279 636 vita

287 654 495 702 'hominis
520 655 618 717 post
643 667 855 711 mortem,
895 655 975 717 qui
1010 655 1210 717 loquitur
1233 654 1289 701 de
1321 654 1413 709 illa,
1448 654 1497 701 ὅτ
1537 670 1627 701 non
1666 656 1838 730 cogitat
1875 654 2006 700 simul
2039 669 2095 700 ex
2126 654 2279 701 erudi-

300 724 422 768 tione
462 720 517 766 de
543 723 729 775 Anima,
763 733 840 767 aut
873 735 930 766 ex
969 720 1171 767 doctrina
1205 719 1262 766 de
1288 719 1542 766 reunitione
1575 723 1792 794 corporis,
1837 720 1980 766 credi't
2014 719 2138 782 quod
2178 718 2281 783 post

302 798 494 832 mortem
522 785 724 832 visturus
754 785 808 832 fit
829 782 987 841 homo,
1028 786 1078 833 ὅτ
1103 786 1216 832 inter
1240 785 1446 847 Angelos
1484 784 1516 830 fi
1550 784 1662 832 bene
1683 785 1814 840 vixit,
1853 785 1905 831 ὅτ
1927 786 2053 847 quod
2078 797 2184 832 tunc
2207 785 2278 831 vi-

300 851 425 896 surus
460 850 512 897 fit
543 850 799 912 magnifica,
843 852 892 898 ὅτ
915 861 1205 914 percepturus
1228 851 1428 913 gaudia;
1469 848 1544 896 sed
1575 862 1625 896 ut
1656 850 1874 924 primum
1894 849 2058 911 spectat
2090 851 2145 898 ad
2169 852 2282 898 doc-

297 916 452 962 trinale
495 915 551 963 de
588 917 836 963 reunitione
858 918 1085 978 corporis,
1125 929 1201 963 aut
1233 916 1288 963 ad
1328 915 1672 978 hypotheticum
1712 915 1770 962 de
1806 913 1969 970 anima,
2001 915 2052 962 ὅτ
2089 916 2281 964 obvenit

298 982 529 1044 cogitatio,
569 997 683 1028 num
727 983 876 1029 anima
916 981 1023 1030 talis
1067 981 1137 1038 sit,
1190 982 1239 1029 &
1275 980 1336 1028 fic
1375 997 1488 1029 num
1530 982 1592 1028 ita
1634 980 1705 1037 fit,
1758 980 1988 1042 dissipatur
2024 978 2119 1044 ejus
2154 984 2280 1044 prior

299 1047 412 1095 idea

366 1115 475 1173 184.
513 1113 600 1160 Sed
625 1113 801 1176 praestat
825 1113 1098 1159 documenta
1118 1112 1410 1188 experientiae
1447 1111 1493 1158 in
1519 1110 1728 1159 medium
1766 1109 1950 1158 afferre.
1997 1112 2171 1174 quoties
2209 1113 2278 1160 lo-

297 1192 467 1241 quutus
494 1178 591 1225 sum
616 1194 723 1224 cum
749 1178 936 1240 Angelis
957 1193 1034 1224 ore
1056 1177 1113 1223 ad
1137 1193 1204 1234 os,
1242 1179 1372 1224 toties
1401 1174 1468 1223 fui
1491 1192 1600 1224 cum
1623 1176 1745 1223 illis
1733 1192 1778 1222 m
1801 1192 1958 1223 eorum
1981 1175 2278 1234 habitaculis,

296 1244 544 1292 habitacula
565 1258 723 1289 eorum
748 1241 848 1289 sunt
873 1242 1048 1305 prorsus
1071 1243 1184 1290 ficut
1208 1242 1456 1290 habitacula
1492 1243 1539 1290 in
1573 1242 1747 1297 tellure,
1792 1257 1900 1304 quae
1921 1242 2087 1289 domus
2111 1259 2277 1291 vocan-

292 1321 383 1365 tur,
420 1308 490 1355 sed
525 1306 812 1372 pulchriora,
858 1308 958 1355 sunt
1002 1310 1047 1355 in
1075 1309 1166 1355 illis
1205 1324 1413 1364 camerae,
1453 1308 1699 1363 conclavia,
1745 1307 1796 1354 ὅτ
1835 1307 2058 1364 cubicula,
2104 1325 2274 1372 magno

293 1373 499 1428 numero,
537 1376 585 1420 ὅτ
608 1373 708 1421 sunt
731 1376 854 1431 atria,
891 1375 940 1421 &
964 1374 1253 1421 circumcirca
1277 1374 1412 1431 horti,
1437 1374 1608 1430 floreta,
1643 1373 1692 1419 ὅτ
1717 1373 1894 1434 campi:
1933 1373 2011 1420 ubi
2037 1374 2276 1422 consociati

292 1439 410 1496 sunt,
451 1440 513 1486 ibi
537 1439 809 1487 Habitacula
831 1441 1047 1516 contigua
1069 1438 1186 1496 sunt,
1226 1454 1372 1486 unum
1389 1437 1520 1503 juxta
1542 1439 1751 1493 alterum,
1776 1436 2018 1500 disposita
2007 1454 2051 1484 m
2076 1437 2274 1487 formam

293 1505 502 1562 civitatis,
566 1521 673 1553 cum
716 1506 888 1568 plateis,
929 1507 1014 1552 viis
1055 1505 1105 1552 ὅτ
1143 1503 1269 1562 foris,
1312 1504 1490 1568 prorsus
1533 1505 1590 1551 ad
1630 1502 1972 1551 fimilitudinem
2011 1504 2193 1551 urbium
2231 1507 2278 1552 in

293 1569 441 1617 nostra
466 1569 651 1621 tellure·
689 1573 856 1619 datum
880 1571 1014 1617 etiam
1050 1570 1115 1618 est
1136 1572 1369 1633 pervagari
1404 1569 1516 1626 illas,
1558 1572 1608 1617 ὅτ
1642 1584 1716 1616 me
1755 1567 2094 1634 circumspicere
2134 1572 2276 1619 unde·

298 1651 494 1698 quaque,
535 1637 586 1683 ὅτ
620 1651 701 1699 per
738 1637 859 1683 vices
882 1637 1040 1683 intrare
1062 1637 1251 1683 domos:
1299 1636 1387 1684 hoc
1410 1633 1605 1683 factum
1615 1633 1679 1681 est
1719 1634 1764 1680 in
1799 1627 1931 1697 plena
1953 1634 2146 1696 vigilia,
2168 1652 2277 1685 cum

293 1702 479 1750 interior
501 1701 620 1748 visus
644 1701 755 1749 mihi
781 1714 957 1764 apertus
981 1701 1042 1748 est
1059 1705 1209 1761 (xxx).

364 1768 468 1829 185.
503 1765 611 1813 Visa
647 1766 749 1813 sunt
773 1766 939 1814 Palatia
961 1766 1103 1823 Coeli,
1138 1783 1243 1830 quae
1282 1778 1374 1815 tam
1416 1765 1659 1832 magnifica
1692 1777 1833 1820 erant,
1869 1778 1922 1813 ut
1959 1782 2049 1815 non
2089 1766 2276 1814 describi

291 1822 489 1896 poffint·,
525 1832 654 1895 supra
682 1831 914 1895 fulgebant
942 1831 1055 1880 ficut
1085 1830 1231 1880 forent
1251 1848 1308 1879 ex
1331 1839 1448 1895 puro
1469 1848 1596 1888 auro,
1629 1847 1681 1879 ac
1704 1830 1818 1879 infra
1838 1831 1950 1879 ficut
1971 1847 2028 1879 ex
2052 1831 2276 1896 lapidibus

290 1897 522 1960 pretiofis3
573 1914 718 1945 unum
757 1898 977 1946 Palatium
1016 1890 1290 1962 splendidius
1324 1912 1463 1961 quam
1503 1897 1725 1952 alterum;
1762 1898 1884 1944 intus
1916 1897 2132 1955 similiter,
2167 1913 2276 1945 con-

290 1964 433 2009 clavia
462 1975 585 2010 erant
611 1975 766 2011 ornata
796 1963 1121 2012 decoramentis
1154 1963 1331 2020 talibus,
1365 1976 1418 2010 ut
1452 1963 1538 2010 illis
1576 1962 1874 2011 describendis
1910 1978 2002 2010 non
2025 1978 2159 2010 voces
2194 1980 2278 2012 nee

291 2027 486 2076 scientiae
523 2027 775 2076 sufficiant:
815 2029 872 2076 ad
911 2031 1042 2085 latus,
1083 2030 1212 2091 quod
1247 1999 1467 2103 spe’Etabat
1506 2028 1758 2084 meridiem,
1794 2027 1980 2090 paradifi
2016 2041 2157 2085 erant,
2197 2030 2278 2077 ubi

284 2095 447 2140 comnia
468 2093 668 2140 similiter
689 2091 990 2149 coruscabant,
1027 2095 1075 2141 &
1098 2093 1367 2157 quibusdam
1401 2093 1447 2139 in
1481 2092 1589 2140 locis
1619 2090 1728 2139 folia
1759 2091 1873 2139 ficut
1898 2107 1956 2140 ex
1988 2107 2191 2155 argento,
2225 2095 2278 2142 ὅτ

289 2153 465 2206 fruetus
489 2158 600 2206 ficut
621 2175 677 2206 ex
699 2174 839 2215 auro·,
873 2159 922 2206 ὅτ
947 2160 1117 2214 flores
1106 2176 1152 2206 m
1184 2158 1271 2206 suis
1300 2158 1409 2208 areis
1440 2174 1521 2222 per
1549 2158 1717 2205 colores
1741 2157 1942 2205 fistebant
1964 2159 2087 2222 quafi
2111 2160 2275 2215 irides3

289 2223 347 2271 ad
384 2224 494 2272 fines
532 2225 694 2272 iterum
731 2225 890 2288 palatia
910 2224 1001 2272 visa
1033 2223 1149 2280 sunt,
1185 2226 1230 2272 in
1253 2239 1358 2288 quae
1383 2223 1736 2271 terminabantur
1757 2222 1987 2287 aspestus:
2045 2225 2145 2272 talia
2172 2225 2275 2273 sunt

290 2289 655 2337 Architec’tonica
676 2290 816 2347 Coeli,
852 2303 905 2338 ut
942 2290 1062 2338 dicas
1092 2291 1156 2337 ibi
1183 2291 1348 2338 Artem
1383 2290 1434 2336 in
1474 2287 1548 2337 sua
1587 2301 1677 2336 arte
1710 2289 1808 2344 effe,
1843 2305 1925 2336 nec
1949 2289 2136 2351 mirum,
2169 2294 2275 2353 quia

289 2354 379 2423 ipsa
396 2355 469 2402 illa
485 2371 552 2401 ars
574 2371 598 2402 e
621 2355 760 2403 Coelo
781 2355 858 2406 est.
909 2357 1152 2404 Dicebant
1174 2356 1361 2419 Angeli,
1376 2356 1521 2419 quod
1547 2355 1666 2411 talia,
1699 2356 1747 2402 ὅτ
1771 2355 2108 2403 innumerabilia
2130 2356 2274 2419 plura,

290 2435 398 2482 quae
432 2421 579 2472 adhuc
614 2420 874 2483 perfeetiora
908 2420 1029 2478 sunt,
1065 2421 1270 2468 srstantur
1305 2438 1331 2469 a
1363 2410 1568 2468 Domino
1607 2435 1759 2468 coram
1795 2421 1939 2468 oculis
1976 2437 2164 2477 eorum;
2201 2422 2275 2468 sed

286 2484 430 2548 usque
447 2487 575 2549 quod
601 2486 672 2533 illa
695 2487 796 2549 plus
816 2500 986 2535 mentes
1007 2502 1168 2535 eorum
1191 2502 1329 2550 quam
1352 2487 1508 2534 oculos
1527 2486 1772 2542 obleEtent‚
1806 2487 1856 2533 &
1881 2487 1967 2534 hoc
1988 2489 2094 2550 quia
2116 2488 2163 2534 in
2185 2487 2272 2534 fin-

284 2551 411 2614 gulis
435 2551 588 2598 vident
621 2552 1043 2615 correspondentias,
1077 2554 1128 2600 ὅτ
1153 2569 1232 2616 per
1253 2553 1659 2615 correspondentias
1683 2553 1866 2599 Divina.

283 2612 288 2617 ἱ
364 2616 468 2666 186.
506 2617 579 2664 De
602 2617 1016 2681 Correspondentiis
1037 2618 1174 2664 etiam
1200 2616 1469 2665 informatus
1492 2617 1608 2674 sum,
1643 2617 1770 2679 quod
1803 2633 1895 2664 non
1929 2615 2073 2666 solum
2103 2616 2271 2665 Palatia

286 2682 340 2732 ὅτ
359 2683 556 2738 Domus,
593 2681 665 2729 sed
689 2685 823 2730 etiam
846 2684 999 2730 omnia
1021 2684 1069 2731 ὅτ
1093 2683 1266 2746 fingula
1287 2699 1393 2747 quae
1416 2684 1531 2730 intra
1553 2684 1602 2730 ὅτ
1623 2696 1746 2730 extra
1769 2683 1842 2729 illa
1866 2683 1981 2738 sunt,
2017 2682 2273 2746 correspon-

291 2748 425 2798 deant
463 2748 744 2796 interioribus
774 2765 887 2812 quae
925 2765 952 2795 a
975 2750 1179 2812 Domino
1217 2750 1337 2812 apud
1372 2749 1507 2804 illos3
1542 2748 1665 2812 quod
1706 2747 1798 2812 ipsa
1819 2749 1999 2795 Domus
2032 2749 2078 2794 in
2109 2763 2271 2811 genere

284 2812 631 2877 ‚correspondeat
667 2815 787 2862 bono
825 2815 1026 2871 illorum,
1072 2817 1122 2862 ὅτ
1159 2815 1286 2877 quod
1325 2814 1495 2877 fingula
1527 2830 1633 2878 quae
1678 2816 1793 2861 intra
1838 2815 2002 2860 domos
2040 2816 2168 2860 vanis
2210 2831 2268 2861 ex

282 2879 457 2946 „quibus
496 2879 668 2926 bonum
706 2881 826 2941 (yyy)
845 2901 862 2935 ς
898 2883 946 2928 ὅτ
969 2896 1076 2942 quae
1107 2894 1229 2928 extra
1261 2881 1442 2937 domos,
1475 2882 1592 2928 veris
1621 2895 1818 2946 quaepex
1847 2879 1983 2936 bono,
2016 2879 2064 2926 ὅτ
2087 2895 2269 2943 quoque

2169 2961 2269 3010 per·

283 3056 288 3060 ἡ
345 3087 482 3143 (xxx)
512 3084 636 3139 Qod
660 3086 823 3141 Angelis
854 3085 929 3127 smt
964 3083 1173 3137 Civitates,
1205 3084 1368 3137 Palatia,
1401 3085 1440 3126 &
1477 3085 1656 3135 Domus,
1684 3083 1733 3126 de
1765 3083 1924 3137 quibus,
1968 3098 2023 3125 n:
2045 3098 2145 3151 940.
2166 3100 2267 3143 94¹·

295 3157 352 3203 94
326 3156 394 3198 42
415 3143 538 3186 1116.
560 3143 685 3186 1626.
707 3143 828 3199 1627.
849 3144 972 3186 1628.
992 3143 1116 3198 1630.
1139 3143 1261 3199 1631.
1277 3145 1407 3199 4622.

324 3200 461 3258 (yyy)
493 3199 617 3256 Qiod
639 3198 801 3245 Domus
818 3213 913 3243 cum
929 3200 1007 3243 illis
1025 3215 1116 3256 quae
1136 3201 1241 3245 intus
1269 3202 1376 3255 sunt,
1409 3197 1629 3256 fignificent
1649 3195 1714 3239 illa
1732 3197 1834 3253 apud
1854 3197 2061 3243 hominem
2081 3214 2169 3255 quae
2187 3200 2269 3265 ejus

2123 3259 2271 3303 mentis
