2546 3786
298 323 300 325 ,
383 200 565 334 1‘74'
686 252 802 312 DE
865 245 1239 310 coELo
1291 267 1388 311 ET
1446 242 2033 309 INFERNO.

374 374 632 423 felicitatem
657 374 817 430 habet·,
856 374 1036 438 &quia
1072 375 1321 423 maximam
1361 373 1618 424 felicitatem
1651 373 1799 430 habet,
1842 371 2042 437 sequitur
2079 372 2185 424 inde
2221 377 2350 442 quod

375 442 429 489 fit
466 443 705 498 maximuS,
741 455 844 487 nam
876 441 935 488 fic
968 457 994 488 a
1031 442 1238 489 Domino
1275 442 1429 487 omnia
1461 439 1606 504 potest
1644 442 1692 488 ὅτ
1727 455 1822 502 prae
1859 440 2072 488 omnibus
2110 440 2254 505 sapit;
2300 444 2352 492 &

372 508 486 571 quid
508 507 572 568 est
596 507 822 554 maximus
845 506 927 554 effe
949 506 1030 553 nisi
1052 522 1189 570 quarn
1225 504 1514 562 felicissimus,
1560 504 1858 554 feliciflimum
1893 507 2014 554 enim
2036 506 2120 554 effe
2141 514 2353 570 quaeru'nt

373 585 578 637 potentes
619 589 699 636 per
733 575 1000 635 potentiam,
1040 573 1090 620 ὅτ
1128 573 1291 619 divites
1330 587 1409 635 per
1443 571 1636 619 divitias,
1707 572 1852 619 Porro
1892 572 2065 619 diftum
2101 573 2181 630 est,
2225 575 2355 637 quod

373 654 466 687 non
491 639 693 686 consistat
716 638 889 686 coelum
914 639 960 685 in
991 655 1062 694 eo,
1104 650 1155 685 ut
1178 637 1396 685 desideret
1421 638 1665 684 minimum
1686 637 1770 685 esse
1793 637 1853 684 ob
1876 638 2010 684 finem
2038 645 2090 686 ut
2122 638 2176 686 fit
2208 641 2352 687 maxi-

374 720 495 760 mus,
538 717 646 752 tunc
686 704 806 752 enim
842 704 975 767 spirat
1008 705 1059 752 δε
1097 705 1226 767 cupit
1263 704 1349 751 effe
1386 705 1660 758 maximum,
1698 702 1770 748 sed
1791 702 1873 760 est,
1909 716 1961 751 ut
1994 720 2049 751 ex
2083 705 2219 753 corde
2258 707 2353 754 aliis

373 770 534 817 melius
555 770 665 818 velit
686 785 826 834 quam
852 770 948 828 fibi,
988 772 1037 819 ὅτ
1061 770 1219 818 servire
1252 770 1349 817 aliis
1387 785 1546 818 eorum
1570 767 1790 816 felicitatis
1822 771 1980 831 gratia,
2015 786 2070 817 ex
2105 771 2230 819 nullo
2264 772 2354 821 fine

371 848 558 900 propter
582 835 622 883 se
647 849 697 883 ut
720 841 1044 894 remuneretun
1069 836 1143 884 sed
1165 853 1220 884 ex
1242 852 1408 885 amore.
1961 871 1964 874 -
1995 847 2003 852 ·

436 916 551 966 409.
595 901 747 966 Ipsum
773 904 1005 952 Gaudium
1029 903 1226 961 coeleste,
1260 903 1390 967 quale
1410 901 1472 949 est
1493 900 1540 949 in
1563 900 1637 948 sua
1657 899 1848 957 essentia,
1873 914 1962 947 non
1986 900 2171 950 describi
2187 903 2356 967 potest,

371 968 478 1030 quia
514 968 580 1015 est
612 970 657 1015 in
692 969 864 1018 intimis
888 971 997 1017 vitae
1016 970 1324 1034 Angelorum,
1366 968 1544 1017 &inde
1583 968 1628 1014 in
1664 967 1849 1030 singulis
1887 967 2170 1028 cogitationis
2208 970 2257 1017 δε
2286 969 2350 1017 'af-

369 1032 575 1082 fectionis
597 1050 774 1092 eorum,
809 1037 860 1084 ὅτ
881 1051 938 1094 ex
953 1036 1102 1098 *his-in
1125 1035 1311 1099 fingulis
1335 1034 1528 1098 loquelae
1549 1034 1598 1080 δε
1623 1035 1669 1079 in
1692 1032 1876 1096 singulis
1899 1033 2081 1080 adtionis
2101 1055 2126 1090 ·,‚
2154 1035 2217 1083 est
2239 1035 2353 1084 ficut

369 1100 578 1148 interiora
611 1101 746 1158 effent
778 1103 958 1166 planeg
983 1104 1007 1155 f
1147 1098 1169 1104 ”
1206 1100 1395 1149 resoluta
1429 1100 1486 1147 ad
1522 1098 1834 1165 recipiendum
1867 1096 2213 1161 jucundumss&
2249 1101 2350 1150 bea·

366 1177 489 1223 tum,
524 1167 650 1231 quod
674 1165 946 1230 dispergitur
970 1169 1016 1214 in
1038 1154 1234 1230 aii'gulas
1256 1167 1405 1224 fibras,
1441 1167 1491 1213 &
1516 1165 1576 1213 fic
1598 1181 1678 1230 per
1700 1177 1870 1222 totum,
1906 1165 2026 1212 unde
2049 1167 2281 1231 perceptio
2300 1169 2352 1216 &x

367 1230 550 1279 sensatio
588 1231 682 1295 ejus
718 1233 781 1279 est
815 1234 913 1281 talis
950 1245 1134 1281 ut‘non
1170 1233 1358 1282 describi
1389 1234 1555 1297 poffit3
1591 1232 1717 1296 quod
1741 1233 1862 1280 enim
1886 1230 1942 1278 ab
1964 1232 2135 1280 intimis
2159 1233 2354 1292 inchoat,

363 1299 451 1345 hoc
489 1299 636 1345 influit
674 1298 719 1345 in
757 1298 930 1363 singula
963 1314 1070 1364 quae
1102 1315 1160 1348 ex
1192 1299 1363 1348 intimis
1395 1299 1592 1346 derivata
1614 1299 1729 1356 sunt,
1765 1300 1813 1347 δι
1838 1298 1880 1345 se
1903 1311 2157 1362 propagant
2179 1298 2353 1363 semper

363 1378 471 1411 cum
493 1378 742 1426 augmento
764 1365 912 1413 versus
935 1367 1168 1415 exteriora.
1239 1367 1432 1430 Spiritus
1454 1365 1563 1413 boni
1583 1365 1665 1428 qui
1699 1365 1907 1415 nondum
1945 1365 1990 1411 in
2030 1366 2110 1413 illo
2140 1364 2351 1429 jucundo

361 1428 481 1487 sunt,
515 1431 621 1494 quia
659 1432 865 1479 nondum
900 1433 945 1480 in
979 1433 1170 1480 Coelum
1205 1433 1368 1489 eveffl,
1402 1447 1510 1479 cum
1550 1432 1806 1495 percipiunt
1842 1429 1956 1481 illud
1993 1444 2052 1477 ex
2077 1432 2262 1495 Angelo
2284 1448 2352 1481 ex

359 1492 455 1559 ejus
491 1496 657 1545 amoris
696 1498 880 1561 sphaera,
917 1499 1165 1564 implentur
1202 1499 1278 1547 tali
1307 1497 1533 1563 jucundo,
1567 1509 1619 1545 ut
1641 1499 1823 1546 veniant
1845 1496 1967 1560 quali
1999 1498 2046 1543 in
2074 1498 2207 1545 dulce
2237 1498 2351 1546 deli-

359 1563 520 1624 quium
543 1580 555 1610 :
594 1563 681 1610 hoc
703 1564 939 1628 aliquoties
961 1564 1134 1614 factum
1156 1565 1221 1614 est
1243 1580 1351 1613 cum
1375 1565 1479 1623 illis,
1513 1564 1594 1628 qui
1626 1562 1932 1612 desiderabant
1965 1561 2071 1611 scire
2100 1564 2214 1627 quid
2238 1580 2349 1629 gaue-

358 1628 488 1677 dium
513 1628 707 1677 coeleste.
1948 1662 1952 1665 -
2152 1658 2153 1663 =

347 1738 351 1741 .
422 1710 535 1754 410.
573 1696 780 1760 Qidam
806 1697 999 1760 Spiritus
1021 1698 1155 1745 etiam
1177 1695 1479 1755 desiderabant
1503 1693 1611 1742 scire
1633 1695 1746 1756 quid
1770 1695 1991 1759 gaudium
2014 1695 2211 1752 coeleste,
2247 1695 2360 1745 ideo>

357 1761 612 1808 conceffum
635 1760 700 1814 est
722 1763 948 1825 percipere
968 1763 1081 1810 illud
1114 1762 1171 1809 ad
1205 1777 1313 1809 eum
1348 1762 1563 1825 gradum,
1596 1774 1650 1808 ut
1670 1769 1762 1809 n'on
1784 1762 1887 1825 plus
1907 1760 2116 1810 *sustinere
2134 1761 2347 1825 Ἰροίϊεηῑς

355 1826 430 1873 fed
455 1826 591 1889 usque
614 1842 706 1874 non
729 1840 822 1875 erat
852 1828 1074 1891 gaudium
1109 1828 1384 1890 angelicum,
1417 1828 1499 1874 vix
1519 1838 1614 1874 erat
1636 1826 1749 1873 ficut
1773 1827 2027 1874 minimum.
2045 1827 2348 1890 Angelicum‚

352 1892 479 1954 quod
519 1893 804 1956 apperci'pere
842 1909 922 1957 per
960 1893 1422 1943 communicationem
1461 1893 1623 1940 datum
1658 1891 1738 1948 est,
1772 1903 1864 1941 erat
1900 1903 1994 1940 tam
2034 1890 2132 1940 leve
2169 1904 2223 1940 ut
2257 1891 2348 1943 fere

352 1958 736 2021 frigidiusculum,
786 1960 912 2023 quod
957 1972 1108 2012 tamen
1147 1961 1371 2008 vocabant
1414 1959 1787 2017 coelestiffimum,
1837 1959 1948 2023 quia
1989 1969 2083 2006 erat
2127 1959 2347 2007 intimum

351 2040 541 2074 eorum:
579 2025 685 2074 inde
724 2024 951 2074 constabat
991 2041 1082 2075 non
1121 2025 1267 2074 solum
1304 2025 1432 2090 quod
1469 2024 1742 2089 gaudiorum
1777 2025 1908 2073 coeli'
1929 2025 2098 2089 gradus
2128 2024 2232 2081 sint,
2267 2025 2345 2073 sed

351 2093 488 2139 etiam
518 2093 646 2154 quod
680 2093 897 2139 intimum
932 2094 1063 2140 unius
1084 2093 1169 2138 vix
1202 2093 1387 2139 accedat
1422 2092 1479 2139 ad
1520 2091 2092 2139 alamanniae-medium
2131 2091 2348 2146 alteriusa

349 2169 453 2205 tum
489 2157 618 2220 quod
649 2171 760 2204 curn
803 2157 961 2221 aliquis
1001 2159 1217 2206 intimum
1257 2157 1322 2205 sui
1358 2158 1541 2221 accipit,
1578 2159 1624 2205 in
1658 2157 1832 2221 gaudio
1854 2155 1948 2220 {suo
1981 2155 2157 2204 coelesti·
2183 2155 2254 2214 fit,
2291 2158 2342 2204 &

346 2223 472 2287 quod
497 2223 642 2270 adhuc
666 2225 850 2270 interius
873 2240 963 2270 non
986 2223 1204 2281 sustineat,
1239 2225 1370 2288 eique
1392 2223 1685 2272 dolorificum
1714 2222 1889 2271 evadat.
2240 2241 2245 2261 τ

415 2306 474 2349 41
489 2308 527 2338 1.
566 2290 774 2348 Quidam
799 2289 976 2352 spiritus
1001 2307 1091 2338 non
1118 2290 1224 2338 mali
1247 2290 1356 2354 lapsi
1380 2289 1480 2337 sunt
1502 2291 1548 2338 in
1570 2291 1787 2354 quietem,
1823 2288 1934 2336 ficut
1956 2287 2004 2334 in
2027 2285 2274 2345 somnums‘
2289 2288 2343 2337 δε

348 2356 408 2404 fic
430 2355 579 2420 quoad
607 2357 814 2405 interiora
835 2371 941 2419 quae
963 2358 1124 2404 mentis
1145 2358 1322 2414 eorum3
1346 2357 1538 2404 transsati
1558 2357 1660 2405 sunt
1682 2357 1728 2403 in
1752 2355 1940 2403 Coelum
1959 2375 1977 2410 ς
2012 2369 2117 2406 nam
2142 2354 2343 2418 spiritus,

347 2435 590 2485 antequam
614 2422 821 2469 interiora
842 2438 999 2470 eorum
1024 2431 1173 2487 aperta
1195 2422 1313 2480 sunt,
1347 2420 1571 2470 transferri
1595 2422 1776 2487 poffunt
1797 2423 1846 2469 in
1867 2420 2077 2477 Caelum,
2094 2435 2152 2469 >ac
2174 2421 2345 2468 erudiri

332 2489 406 2538 ,de
431 2487 637 2535 felicitate
670 2488 852 2535 illorum
886 2490 967 2553 qui
997 2489 1061 2536 ibi
1096 2489 1225 2546 sunt3
1262 2489 1357 2536 vidi
1383 2505 1464 2536 -eos
1495 2489 1555 2538 fic
1586 2488 1912 2552 quieviffeper
1943 2484 2252 2544 semihoriurn,
2285 2486 2338 2533 &c

347 2554 454 2602 dein
492 2552 680 2617 relapsos
719 2556 765 2601 in
801 2557 1023 2603 exteriora
1058 2557 1104 2603 in
1147 2556 1315 2619 quibus
1355 2556 1478 2620 prius
1511 2568 1656 2612 erant,
1703 2554 1752 2602 ὅτ
1791 2567 1986 2617 quoque·
2018 2562 2130 2600 tunc
2175 2555 2220 2600 in
2260 2567 2334 2598 re·

347 2620 656 2670 cordationem
697 2636 856 2668 eorum
895 2637 1003 2685 quae
1038 2622 1267 2680 viderunt,
1303 2622 1511 2670 dicebant
1548 2621 1674 2685 quod
1709 2618 1875 2667 fuerint
1911 2620 2024 2666 inter
2049 2617 2251 2681 Angelos
2283 2619 2330 2664 in

347 2687 505 2744 Coelo,
540 2688 591 2735 &
612 2686 738 2751 quod
768 2687 830 2734 ibi
854 2688 1048 2735 viderint
1071 2688 1121 2735 ὅτ
1145 2689 1424 2752 perceperint
1455 2687 1687 2751 stupenda,
1723 2688 1878 2734 omnia
1917 2685 2184 2749 splendentia
2222 2683 2334 2731 sicut

346 2769 404 2802 ex
425 2768 551 2810 auro,
585 2765 788 2817 argento,
826 2754 1119 2817 &lapidibus
1151 2754 1368 2818 pretiofis,
1403 2756 1450 2801 in
1473 2753 1745 2801 admirandis
1768 2751 1942 2807 formis,
1977 2767 2083 2816 quae
2104 2749 2333 2803 variaban-

344 2831 420 2867 tur
442 2819 733 2877 mirabiliter}
768 2820 819 2867 &
842 2822 968 2884 quod
994 2820 1159 2884 Angeli
1184 2837 1276 2870 non
1297 2820 1501 2868 delectati
1524 2821 1608 2868 sint
1631 2819 1733 2882 ipfis
1756 2820 1966 2874 externis,
1998 2809 2071 2863 Μ
2103 2812 2192 2861 illis
2225 2832 2331 2879 quae

345 2883 730 2948 repraesentabant,
765 2901 871 2948 quae
904 2899 1029 2934 erant
1049 2888 1221 2935 Divina
1258 2887 1511 2943 ineffabilia,
1544 2889 1594 2935 δε
1626 2885 1849 2948 sapientiae
1887 2883 2091 2935 infinitae,
2130 2883 2174 2928 Sc
2198 2884 2327 2943 quod

346 2951 447 2998 haec
481 2949 646 2998 fuerint
683 2952 769 3001 iuis
803 2952 1005 3013 gaudio;
1049 2966 1213 3016 praeter
1251 2954 1502 3011 innumera,
1537 2967 1642 3015 quae
1682 2952 1848 3013 linguis
1885 2948 2092 2996 humanis
2132 2963 2186 2993 ne
2225 2949 2327 3010 qui·

344 3017 451 3064 dem
487 3016 543 3128 ac}
583 3016 794 3078 myriadis
832 3030 1004 3080 partem
1043 3019 1217 3082 poffent
1254 3019 1465 3083 exprimi,
1501 3034 1583 3066 nec
1621 3017 1776 3065 cadere
1808 3019 1870 3062 in·
1894 3014 2011 3060 ideas
2045 3012 2123 3059 ubi
2156 3013 2324 3076 aliquid

346 3095 528 3130 materia
545 3097 583 3128 e.
1830 3093 1835 3102 ’

412 3163 526 3207 412.
561 3147 671 3195 Fere
694 3163 850 3196 omnes
873 3149 952 3212 qui
977 3150 1021 3197 in
1045 3150 1226 3199 alteram
1250 3151 1391 3199 vitam
1416 3151 1620 3206 veniunt,
1657 3151 1863 3211 ignorant
1886 3144 1995 3209 quid
2023 3144 2252 3192 beatitudo
2275 3146 2324 3192 δε

344 3213 530 3265 felicitas
551 3211 761 3272 coelestis,
796 3216 900 3279 quia
923 3217 1036 3279 quid
1070 3219 1118 3268 &
1151 3218 1280 3282 quale
1319 3218 1545 3283 gaudium¹
1579 3218 1808 3268 internum
1851 3213 2065 3269 nesciunt,
2103 3211 2248 3321 sollum
2269 3225 2327 3284 ex

420 3299 423 3301 ·
2177 3288 2326 3323 aetitns
