2546 3786
567 260 695 325 ΠΒ
742 238 1263 325 COE‘LQET
1323 232 1918 323 INFERNoss
2096 227 2223 347 2:2⁸5t

247 390 304 439 ab
343 388 450 446 illis,
484 388 541 437 ad
581 388 779 454 plagam,
815 376 1092 465 ukiasocietas
1114 400 1272 433 eorum
1296 383 1516 436 infernalis
1537 385 1616 443 est,
1651 386 1698 434 in
1730 401 1867 451 quam
1891 388 2080 438 venturi.
2150 387 2224 438 Ut

248 468 417 506 taceam
445 455 554 504 alios
577 453 859 528 separationi!
875 450 1056 508 modos,
1091 452 1170 515 qui
1192 451 1342 516 plures
1364 451 1478 501 sunt.

242 634 367 713 De
439 601 701 726 Tertio
782 629 969 708 statu
1047 629 1359 709 hominis
1445 573 1615 738 post
1684 631 2016 731 mortem,
2091 626 2247 741 qui

335 742 735 934 είὶρίὶξίωε
812 741 1298 824 instructionis
1373 772 1627 824 eorum
1711 745 1836 852 qui
1908 745 2217 830 veniunt

329 887 399 937 m
512 886 590 934 oe
618 883 771 935 um.
2075 898 2077 900 -

236 1063 350 1123 5¹²7
510 1044 793 1095 ERTIUS
829 1045 961 1093 status
1007 1045 1203 1094 hominis
1248 1044 1348 1109 post
1394 1026 1607 1102 mortem,
1655 1044 1724 1093 seu
1770 1045 1942 1108 spiritus
1987 1047 2098 1111 ejus,
2153 1047 2239 1107 est¹
2332 1116 2338 1123 ἱ

535 1113 669 1160 statuti
693 1112 987 1159 instructionis
1013 1134 1026 1167 ;
1060 1113 1133 1159 hic
1167 1112 1299 1159 status
1334 1111 1394 1159 est
1425 1112 1511 1159 illis
1543 1112 1621 1174 qui
1644 1111 1687 1158 in
1714 1112 1902 1159 Coelum
1926 1117 2127 1170 veniunt,
2163 1116 2212 1162 δε

236 1179 354 1226 fiunt
378 1178 582 1241 Angeli;
624 1193 715 1225 non
752 1183 902 1226 autem
941 1178 1026 1225 illis
1065 1180 1145 1241 qui
1186 1180 1232 1225 in
1268 1176 1491 1233 infernum
1532 1178 1735 1234 veniunt,
1786 1180 1999 1240 quoniam
2038 1179 2084 1225 hi
2123 1194 2213 1226 non

233 1246 387 1292 instrui
410 1244 604 1308 poffunt,
639 1260 774 1307 quare
813 1245 975 1292 horum
1016 1243 1150 1291 status
1186 1244 1404 1292 secundus
1440 1244 1501 1292 est
1540 1259 1722 1307 quoque
1755 1246 1923 1300 tertius,
1959 1246 2037 1307 qui
2063 1244 2215 1292 finitur

234 1313 278 1357 in
318 1326 390 1368 eo,
426 1311 550 1374 quod
575 1309 750 1374 prorsus
775 1310 975 1358 converfi
1000 1312 1084 1357 s1nt
1107 1310 1162 1357 ad
1187 1310 1314 1357 suum
1339 1326 1559 1365 amorem,
1596 1310 1673 1358 ita,
1696 1309 1750 1356 ad
1792 1309 2040 1357 societatem
2079 1309 2212 1357 infer-

234 1377 400 1433 nalem,
437 1393 542 1438 quae
578 1378 624 1423 in
664 1377 795 1423 simili
833 1392 984 1423 amore
1018 1378 1114 1431 est·,
1160 1392 1266 1423 curn
1308 1376 1394 1423 hoc
1433 1375 1602 1423 factum
1637 1375 1715 1431 est,
1753 1387 1860 1423 tunc
1884 1392 1939 1422 ex
1962 1392 2112 1423 amore
2135 1377 2212 1422 illo

232 1444 396 1490 volunt
434 1444 482 1489 &
523 1445 757 1505 cogitant3
793 1443 842 1488 δε
874 1444 981 1505 quia
1015 1458 1142 1489 amor
1181 1441 1254 1489 ille
1292 1441 1355 1488 est
1394 1440 1635 1497 infernalis,
1671 1440 1761 1488 ηοη
1786 1442 1949 1489 volunt
1973 1441 2052 1487 nisi
2074 1458 2212 1504 quam

233 1509 422 1564 malum,
457 1509 505 1555 &
529 1524 619 1555 non
642 1510 843 1570 cogitant
879 1508 959 1554 nifi
995 1523 1132 1570 quarn
1172 1507 1351 1563 falsum,
1386 1508 1485 1554 haec
1515 1505 1720 1571 jucunda
1757 1523 1914 1555 eorum
1956 1506 2070 1564 sunt,
2107 1510 2214 1570 quia

231 1573 331 1621 sunt
371 1574 532 1621 amoris
571 1589 761 1636 corumi
797 1590 847 1620 ac
888 1574 1014 1622 inde
1030 1571 1234 1636 rejiciunt
1273 1589 1409 1620 omne
1449 1574 1621 1620 bonum
1657 1573 1705 1619 &
1743 1589 1920 1629 verum,
1956 1590 2061 1635 quae
2083 1576 2210 1637 prius

229 1640 572 1702 adoptaverunt,
606 1641 711 1702 quia
720 1639 1047 1685 inserviverant
1069 1640 1208 1685 amori
1234 1638 1310 1685 suo
1334 1654 1418 1700 pro
1442 1640 1616 1685 mediis.
1687 1640 1754 1684 At
1778 1639 1884 1686 boni
1907 1640 2214 1701 perducuntur

229 1721 255 1751 a
279 1705 390 1751 statu
415 1704 643 1751 secundo
631 1708 678 1751 iri
703 1705 903 1760 tertium,
939 1705 1019 1767 qui
1054 1703 1186 1750 status
1206 1703 1269 1750 est
1291 1704 1625 1768 praeparationis
1651 1703 1831 1750 illorum
1857 1704 1912 1751 ad
1936 1704 2107 1751 coelum
2134 1721 2214 1768 per

230 1770 595 1817 instructionem:
633 1785 769 1816 nemo
788 1771 908 1815 enirn
932 1771 1168 1832 praeparari
1191 1769 1337 1832 potest
1360 1770 1416 1817 ad
1439 1769 1631 1826 coelum,
1667 1768 1745 1815 nifi
1769 1785 1907 1832 quam
1940 1786 2019 1832 per
2054 1771 2212 1833 cogni-

230 1836 372 1883 tiones
407 1836 513 1882 boni
548 1836 598 1881 ὅτ
621 1835 733 1889 veri,
769 1836 829 1881 ita
852 1834 931 1881 nisi
954 1850 1089 1897 quam
1117 1850 1195 1898 per
1227 1834 1598 1890 instrustionem3
1634 1850 1737 1880 nam
1762 1850 1897 1882 nemo
1919 1835 2025 1883 scire
2047 1835 2211 1899 potest,

230 1902 344 1963 quid
382 1901 555 1948 bonum
578 1900 627 1947 δε
650 1916 812 1947 verum
837 1899 1074 1964 spirituale,
1108 1901 1157 1947 δε
1181 1901 1293 1964 quid
1319 1900 1490 1948 malum
1514 1902 1562 1948 &
1583 1870 1763 1957 salsum,
1797 1915 1903 1963 quae
1937 1901 2024 1948 illis
2065 1917 2212 1965 oppo-

229 1965 308 2013 fita
331 1966 447 2024 sunt,
483 1966 573 2013 nifi
585 1961 852 2014 instruatur:
889 1966 1001 2030 quid
1024 1966 1196 2013 bonum
1221 1968 1268 2014 &
1293 1982 1452 2014 verum
1477 1966 1606 2014 civile
1629 1966 1678 2012 ὅτ
1702 1966 1882 2023 morale,
1918 1982 2022 2029 quae
2038 1964 2212 2028 justum
2299 2021 2312 2030 ,

228 2033 280 2078 ὅτ
304 2032 522 2079 fincerum
547 2045 780 2088 vocantur,
815 2032 911 2080 sciri
937 2032 1113 2094 potest
1103 2049 1148 2078 m
1175 2032 1365 2089 mundo,
1400 2033 1505 2095 quia
1528 2033 1589 2079 ibi
1613 2031 1712 2078 sunt
1751 2031 1868 2094 leges
1902 2032 2069 2089 civiles,
2105 2049 2212 2096 quae

227 2096 394 2144 docent
431 2098 543 2161 quid
579 2096 764 2161 justum,
802 2099 850 2144 &
887 2113 1069 2161 quoque
1108 2096 1342 2154 consortia,
1379 2114 1485 2145 curn
1515 2097 1679 2160 quibus
1719 2097 1858 2143 homo
1897 2097 2025 2145 discit
2057 2099 2210 2146 vivere

228 2162 476 2210 secundum
514 2163 634 2225 leges
676 2163 884 2219 morales,
921 2179 1026 2226 quae.
1061 2179 1219 2210 omnes
1243 2162 1283 2211 se
1307 2161 1503 2211 referunt
1527 2164 1582 2210 ad
1608 2162 1845 2210 sincerum
1840 2164 1901 2209 ἃ
1927 2165 2128 2219 rectum:
2166 2177 2211 2212 at

230 2228 402 2275 bonum
427 2230 474 2276 &
498 2244 658 2282 verum
683 2229 920 2292 spirituale,
957 2245 1045 2275 non
1070 2229 1302 2276 discuntur
1322 2247 1345 2276 e
1370 2229 1546 2277 mundo
1568 2224 1642 2276 sed
1667 2245 1690 2275 e
1713 2229 1868 2284 coelo3
1899 2229 1999 2276 sciri
2023 2228 2209 2292 quidem

228 2295 409 2355 poffunt
446 2310 502 2341 ex
523 2294 694 2350 Verbo,
731 2297 779 2342 ὅτ,
817 2310 901 2353 ex
911 2295 1110 2343 doctrina
1148 2295 1360 2343 Ecclefiae
1391 2311 1513 2371 ’quae’
1545 2310 1602 2341 ex
1625 2294 1794 2351 Verbo,
1830 2294 1901 2340 sed
1942 2294 2078 2359 usque
2119 2309 2211 2342 ηοη

227 2360 414 2407 influere
434 2361 647 2422 possunt
636 2377 682 2406 m
706 2361 866 2417 vitam,
903 2353 981 2407 ηἰΓι
1023 2362 1163 2408 homo
1197 2362 1348 2423 quoad
1390 2363 1595 2408 interiora
1628 2377 1732 2423 quae
1770 2361 1931 2407 mentis
1968 2361 2058 2408 suae
2090 2357 2214 2417 sunt,

227 2426 281 2471 fit
322 2428 367 2471 in
404 2427 559 2481 coe103
597 2427 644 2473 δι’
668 2438 790 2473 tunc·-
798 2427 973 2474 homo
964 2444 1008 2473 m
1030 2427 1152 2474 coelo
1173 2428 1251 2483 est,
1285 2427 1470 2490 quando
1505 2425 1704 2489 agnoscit
1728 2427 1968 2479 Divinum
2003 2428 2052 2473 δε
2075 2427 2209 2473 simul

219 2489 338 2564 juste
361 2493 410 2538 δε
436 2491 596 2538 sincere
620 2493 729 2555 agit,
765 2487 980 2555 quoniam
1019 2494 1078 2539 ita
1113 2493 1340 2554 agendum
1366 2492 1428 2539 est
1451 2495 1556 2555 quia
1577 2504 1857 2555 praeceptum
1882 2492 1977 2539 est
1968 2509 2010 2538 m
2037 2493 2206 2547 Verbo,

225 2557 286 2604 fic
312 2555 430 2619 juste
454 2559 502 2604 ὅτ
526 2557 687 2604 sincere
711 2558 827 2605 vivit
849 2571 1031 2621 propter
1053 2560 1294 2614 Divinum,
1330 2560 1378 2605 δε
1405 2575 1493 2605 non
1519 2570 1702 2621 propter
1726 2557 1862 2604 semet
1885 2560 1934 2604 ὅτ
1959 2558 2206 2613 mundum,

228 2635 280 2670 ut
312 2623 450 2669 fines:
488 2622 561 2669 sed
599 2624 660 2670 ita
698 2639 828 2687 agere
866 2640 1002 2671 nemo
1040 2624 1201 2687 potest,
1238 2594 1315 2671 ni'fi
1350 2626 1472 2688 prius
1497 2624 1734 2671 instructus
1757 2624 1826 2679 fit,
1863 2636 1911 2669 ut
1934 2624 2058 2686 quod
2083 2625 2209 2670 Deus

227 2687 298 2744 fit,
332 2689 458 2753 quod
497 2688 671 2746 coelum
703 2689 752 2735 &
787 2688 1012 2737 infernum
1052 2690 1151 2746 sint,
1187 2690 1312 2753 quod
1336 2693 1430 2737 vita
1464 2689 1564 2753 post
1598 2702 1791 2736 mortem
1826 2689 1892 2743 fit,
1929 2688 2057 2752 quod
2081 2689 2206 2736 Deus

228 2747 357 2823 supta
395 2755 573 2802 omnia
585 2744 802 2802 amandus
840 2755 918 2810 fit,
946 2757 992 2802 δε
1018 2756 1143 2817 quod
1180 2757 1414 2822 proximus
1454 2756 1565 2801 ficut
1604 2754 1718 2818 ipse,
1744 2754 1792 2800 δε
1817 2755 1951 2829 quod
1988 2754 2206 2803 credenda

228 2812 338 2864 sint
348 2831 453 2885 qpae
492 2821 537 2867 in
561 2815 738 2878 Verbo,
765 2822 870 2883 quia
887 2811 1098 2868 Verbum
1132 2820 1195 2868 est
1217 2822 1474 2875 Divinum3
1510 2819 1671 2882 absque
1705 2820 1964 2882 cognitione
1994 2821 2041 2867 ὅτ
2078 2823 2205 2883 agni-

227 2885 350 2930 tione
373 2883 531 2934 horum
557 2887 697 2933 homo
734 2901 825 2932 non
860 2885 1004 2948 potest
1036 2885 1316 2953 spiritualiter
1351 2889 1566 2949 cogitare,
1600 2887 1648 2932 δι
1671 2858 1834 2948 absque
1855 2886 2125 2947 cogitatione
2149 2887 2206 2933 de
2229 2939 2232 2942 ,

228 2949 313 2996 illis
338 2964 428 2995 non
448 2952 549 3000 vult
571 2952 660 3007 illa,
697 2967 799 2998 nam
823 2967 930 3014 quae
954 2953 1093 2999 homo
1116 2968 1206 2999 non
1231 2951 1325 3008 scit,
1363 2970 1451 2999 non
1487 2952 1682 3014 cogitare
1717 2951 1877 3014 potest,
1913 2953 1961 2998 &
1983 2967 2088 3013 quae
2112 2968 2203 2998 non

228 3017 397 3077 cogitat
436 3011 528 3061 nort
545 3018 661 3064 velle
700 3016 873 3080 potest:
910 3033 1015 3065 cum
1058 3019 1207 3081 itaque
1247 3019 1386 3065 homo
1423 3018 1520 3064 vult
1560 3017 1646 3071 illa,
1683 3029 1790 3063 tunc
1828 3016 1973 3062 influit
2008 3016 2204 3073 coelum,

227 3083 312 3128 hoc
337 3079 414 3135 est,
453 3095 530 3142 per
566 3071 735 3130 coelum
761 3083 1025 3132 Dominus'
1015 3099 1059 3129 m
1084 3085 1226 3132 vitam
1262 3085 1473 3140 hominis,
1511 3098 1614 3130 nam
1657 3083 1799 3128 influit
1836 3082 1880 3128 in
1908 3082 2204 3135 voluntatem,

227 3148 276 3194 &
315 3162 392 3209 per
433 3145 555 3191 illam
599 3138 672 3191 iri
667 3150 1021 3216 cogitationem,
1058 3163 1108 3198 ac
1148 3162 1228 3210 per
1267 3162 1504 3212 utramque
1544 3152 1590 3195 in
1617 3151 1776 3203 vitam,
1814 3163 1916 3193 nam
1943 3150 2090 3194 omnis
2115 3150 2206 3192 vita

227 3212 421 3261 hominis
445 3211 505 3260 est
530 3210 663 3260 inde:
700 3228 758 3259 ex
791 3216 858 3263 his
898 3226 1037 3279 patet,
1074 3214 1200 3327 quc?
1219 3213 1413 3325 fbonum
1451 3215 1500 3264 &
1531 3227 1692 3261 verum
1732 3213 1952 3280 spirituale
1992 3229 2080 3261 non
2124 3211 2212 3257 dis-

2058 3289 2217 3326 cantur
