2546 3786
301 285 430 351 2‘26
617 280 738 345 Dr.
798 269 1177 357 COE‘LO
1237 280 1345 345 'za-
1404 276 1979 345 INFERNO.

290 425 449 461 cantur
469 425 493 457 e
518 407 693 456 mundo
715 405 787 455 sed
810 423 834 455 e
857 404 995 461 coelo,
1029 406 1078 452 &
1101 401 1230 466 quod
1263 399 1431 449 nullux*
1448 405 1687 468 praeparari
1722 405 1854 468 poffit
1891 406 1947 454 ad
1983 406 2158 457 coelum
2179 412 2281 461 'nist

291 478 438 527 media
474 474 772 523 instruetione.
845 474 1081 531 Quantum
1117 468 1251 515 etiam
1274 467 1505 521 Dominus
1527 470 1675 517 influit
1699 473 1743 516 in
1765 471 1909 518 vitam
1942 472 2145 538 alicujus,
2181 489 2278 525 tan-

291 558 392 592 tum
429 541 604 589 instruit
642 540 788 592 illum,
826 551 930 582 nam
964 547 1146 582 ‘tantum
1183 532 1386 580 accendit
1407 533 1688 582 voluntatem
1712 551 1861 584 amore
1883 536 2046 588 sciendi
2071 556 2192 599 vera,
2226 544 2277 592 ὅτ

294 622 472 658 tantum
511 606 694 653 illustrat
732 603 1053 666 cogitationem
1090 613 1142 647 ut
1177 598 1280 651 sciat
1315 598 1422 654 ilia3
1457 600 1523 657 &f
1541 611 1763 662 quantum
1798 603 1894 649 haec
1929 604 2062 663 fiunt,
2097 620 2279 658 tanturn

295 677 552 740 aperiuntur
587 671 796 718 interiora
831 667 1046 724 hominis,
1081 680 1131 714 ac
1157 665 1242 712 illis
1266 665 1555 728 implantatur
1584 665 1791 721 coekim3
1825 668 1875 715 ὅτ
1899 670 2065 728 adhuc,
2098 685 2281 724 tantum

294 741 446 788 influit
465 739 690 793 Divinum
716 738 763 785 ὅτ
787 733 967 783 coeleste
998 735 1046 780 in
1077 731 1240 779 sincera
1273 747 1378 795 quae
1413 727 1514 778 sunt
1537 732 1646 778 vitae
1671 731 1867 788 moralis,
1901 736 1949 783 &
1973 737 2017 782 in
2034 735 2152 799 justa
2174 757 2281 806 quae

296 806 396 854 sunt
418 806 525 851 vitae
547 804 691 851 civilis
715 801 834 866 apud
860 799 1108 856 hominem,
1144 813 1194 846 ac
1214 796 1319 846 facit
1342 796 1420 845 illa·
1449 795 1704 860 spiritualia,
1739 798 1960 860 quoniam
1992 802 2132 853 homo
2168 819 2279 856 tunc

293 871 400 919 facit
436 871 508 919 illa
542 885 600 917 ex
625 870 815 924 Divino,
851 868 955 930 quia
979 877 1162 929 propter
1185 864 1441 911 Divinum:
1478 862 1579 910 sunt
1601 864 1722 911 enim
1748 864 1914 911 fincera.
1933 865 2132 930 &justa,
2168 890 2276 936 quae

296 937 397 985 sunt
421 936 526 984 vitae
551 935 729 983 moralis
752 934 801 981 ὅτ
825 933 987 989 civilis,
1022 947 1128 994 quae
1151 931 1292 978 homo
1314 946 1370 977 ex
1393 929 1466 976 illa
1487 930 1661 993 origine
1694 928 1818 986 facit,
1852 929 1931 993 ipsi
1969 931 2150 983 effectus
2173 941 2287 988 vitae

295 1003 560 1067 spiritualis3
596 1002 645 1050 ὅτ
669 999 852 1048 effecius
876 1013 1013 1046 omne
1036 997 1167 1045 suum
1201 996 1335 1064 trahit
1370 1011 1427 1042 ex
1464 994 1538 1042 sua
1576 994 1702 1043 causa
1742 996 1974 1054 efficiente,
2011 1014 2115 1048 nam
2137 1007 2287 1067 qualis*

297 1069 396 1119 haec
421 1070 518 1117 talis
540 1068 628 1115 ille.
1024 1103 1028 1104 γ
2023 1126 2025 1129 .
2159 1073 2164 1079 ·

362 1153 473 1200 513.
511 1132 823 1182 lnstruffiones
860 1129 979 1176 fiunt*
1012 1128 1070 1175 ab
1093 1127 1285 1190 Angelis
1319 1126 1524 1190 plurium
1554 1126 1835 1185 societatum,
1870 1127 2094 1193 imprimis
2117 1133 2173 1190 ab
2193 1136 2282 1187 filis

294 1217 403 1265 quae
425 1203 470 1249 in
496 1200 631 1264 plaga
653 1195 1051 1260 septentrionali&
1076 1194 1357 1240 meridionali
1379 1192 1498 1251 sunt,
1532 1209 1645 1241 nam.
1678 1194 1769 1241 ‘111ae
1806 1194 2030 1244 societates
2065 1201 2281 1263 angelicae

293 1268 342 1314 in
380 1265 668 1328 intelligentia
705 1263 755 1309 ὅτ
797 1260 1003 1324 sapientia
1041 1274 1097 1307 ex
1133 1259 1466 1322 cognitionibus
1500 1259 1679 1308 boni&
1702 1261 1799 1308 veri
1819 1260 1950 1310 sunt:
1986 1263 2286 1318 instruetionis

294 1333 392 1380 loca
434 1332 534 1379 sunt
570 1330 627 1377 ad
660 1324 1030 1391 septentrionem,
1074 1326 1125 1373 &
1159 1325 1260 1372 sunt
1294 1328 1430 1383 varia,
1464 1327 1668 1374 ordinata
1705 1328 1756 1374 ὅτ
1793 1326 1999 1375 distincta
2035 1329 2287 1384 secundum

295 1398 518 1445 bonorum
559 1393 812 1443 coelestium
853 1408 1014 1456 genera
1050 1392 1101 1440 &
1140 1391 1319 1455 species,
1355 1404 1408 1439 ut
1445 1392 1512 1439 ibi
1548 1392 1823 1439 instruantur.
1855 1409 2013 1442 ornnes
2044 1397 2093 1444 &
2118 1398 2287 1463 singuli

294 1463 541 1511 secundum
581 1460 702 1509 suam
739 1460 958 1515 indolem,
995 1459 1045 1506 ὅτ
1068 1458 1333 1521 receptionis
1363 1456 1655 1507 facultatem:
1691 1458 1794 1506 loca·
1810 1458 1882 1511 illa
1905 1458 1966 1506 ibi
1990 1461 2289 1517 circumcirca

293 1529 348 1576 ad
376 1530 569 1577 multam
592 1526 844 1575 distantiam
869 1524 910 1572 se
933 1524 1196 1571 extendunt.
1267 1523 1348 1571 Ad
1371 1523 1447 1571 illa
1469 1523 1673 1572 feruntur
1695 1540 1726 1572 a
1745 1526 1957 1573 Domino>
1973 1525 2080 1575 boni
2105 1530 2284 1593 spiritus

294 1595 396 1658 post
423 1595 633 1643 exactum
663 1592 908 1639 secundum
941 1590 1106 1638 stat-um
1139 1605 1297 1638 eorum
1334 1591 1380 1637 in
1421 1592 1599 1638 mundo
1635 1590 1891 1654 spirituum,
1926 1594 2015 1656 qui.
2039 1595 2288 1647 instruendi.

294 1660 430 1717 sunt;
467 1660 540 1707 sed
566 1659 701 1723 usque
726 1673 816 1705 non
839 1672 1030 1712 omnes3
1064 1670 1169 1702 nam
1207 1656 1288 1718 qui
1327 1658 1374 1702 in
1412 1657 1588 1702 mundo
1623 1656 1823 1703 inflzufiti
1860 1656 1978 1714 sunt,
2013 1659 2081 1707 ibi:
2098 1664 2231 1711 etiam
2256 1683 2291 1715 a·

289 1728 502 1775 Domino
536 1725 769 1789 praeparati
802 1722 902 1770 sunt
932 1722 986 1769 ad
1020 1722 1212 1778 coelum,
1247 1736 1299 1768 ac
1323 1737 1402 1783 per
1423 1722 1558 1768 aliam
1575 1723 1696 1769 viam
1722 1723 1765 1767 in
1791 1722 1964 1769 coelum
1988 1724 2251 1777 auferuntur
2264 1754 2286 1788 ς.

292 1793 480 1856 quidam
510 1790 657 1839 statim
693 1789 792 1853 post
821 1798 1015 1835 mortem
1034 1809 1053 1842 3>
1082 1786 1271 1848 quidam
1295 1785 1397 1849 post
1418 1786 1600 1833 brevem
1623 1800 1730 1833 cum
1755 1787 1978 1849 spiritibus
2001 1789 2135 1840 bonis
2152 1810 2283 1843 com.

294 1859 609 1912 morationem,
646 1855 725 1902 ubi
757 1855 956 1902 craffiora
977 1853 1305 1915 cogitationum
1329 1852 1379 1898 &c
1399 1851 1688 1899 affefflonum
1712 1865 1890 1909 eorum,
1925 1869 2033 1916 quae
2055 1869 2285 1911 traxeram

294 1939 352 1971 ex
374 1923 617 1971 honoribus
641 1921 691 1969 ὅτ
713 1921 883 1967 divitiis
907 1920 951 1965 in
979 1918 1172 1975 mundo,
1207 1930 1514 1974 removentur,
1551 1919 1606 1966 ὅτ
1635 1917 1695 1965 fic
1732 1918 2054 1982 purificantur:
2091 1926 2285 1986 quidam

292 1991 415 2054 prius
453 1987 693 2043 vastantur,
728 1986 855 2050 quod
895 1985 949 2031 fit
984 1985 1030 2031 in
1074 1984 1183 2032 locis
1225 1984 1313 2031 sub³
1351 1983 1512 2047 plantis
1552 1984 1745 2048 ped-unii,
1778 1986 2067 2047 quae·Terra
2098 1991 2283 2041 inferior:

293 2068 514 2103 vocantur
532 2075 549 2110 ς
582 2053 660 2100 ubi
699 2052 835 2115 aliqui
872 2051 987 2097 dura-
1016 2052 1249 2114 patiuntur
1267 2072 1290 2106 ·,-
1319 2050 1365 2096 hi
1386 2050 1487 2096 sunt
1507 2051 1586 2113 qui
1610 2050 2057 2102 se-confinmaverunt
2078 2056 2284 2116 infaxlfis,

285 2123 343 2169 ’ὅτ
367 2122 505 2185 usque
528 2123 703 2167 bonam
719 2120 859 2165 vitam
882 2129 1103 2179 egerunt,
1139 2130 1243 2164 nam
1268 2114 1381 2163 falsa<
1395 2115 1657 2163 confirmata
1679 2117 1798 2163 d‘ure
1815 2116 2051 2175 inhaerent,
2088 2123 2136 2168 &
2158 2135 2280 2171 ante-

293 2203 432 2250 quam
458 2186 531 2233 illa
553 2185 735 2232 discussa
758 2182 875 2245 sunt,
911 2199 1003 2229 non
1025 2183 1166 2229 videri
1192 2181 1371 2245 possunt
1392 2194 1512 2239 vera,
1549 2182 1611 2229 ita
1630 2196 1721 2229 non
1744 2182 1882 2245 recipi
1903 2200 1913 2230 :
1950 2181 2022 2229 sed
2047 2186 2103 2232 de
2126 2188 2282 2238 Vasta.

294 2253 521 2309 tionibus,
545 2253 591 2299 ὅτ
616 2253 672 2297 de
696 2250 844 2298 modis
867 2249 1107 2312 quomodo
1128 2248 1260 2304 fiunt,
1296 2248 1341 2294 in
1367 2248 1988 2295 Ancarius-Communes
2016 2252 2168 2302 achim
2198 2255 2288 2314 cst,

290 2334 347 2366 ex
368 2319 532 2383 quibus
557 2316 757 2365 Colleeta
780 2315 1011 2363 videantur
1032 2314 1104 2362 hic
1128 2314 1181 2362 in
1205 2315 1329 2362 notis
1350 2313 1434 2360 sub
1464 2313 1586 2362 linea
1601 2315 1708 2375 (z),

718 2399 722 2402 ’
817 2389 824 2397 ”
1933 2396 2044 2443 514.
2081 2384 2276 2445 Omne-s,

349 2508 425 2565 (z)
452 2506 576 2561 Qod
597 2507 831 2550 vastationes
866 2507 964 2549 fiant
1000 2509 1043 2549 in
1075 2507 1198 2549 altera
1217 2508 1319 2557 vita,
1347 2508 1425 2548 hoc
1446 2505 1519 2556 est,
1547 2508 1667 2562 'quod-
1695 2507 1764 2549 illi>
1783 2509 1852 2563 qui
1872 2523 1896 2549 e
1915 2510 2069 2551 mundo
2097 2509 2193 2552 illuc
2222 2512 2281 2554 ala

288 2564 424 2614 luunt,
458 2565 674 2616 vastentur,
705 2579 763 2607 n:
792 2566 891 2623 698.
923 2578 1051 2621 7122.
1082 2578 1208 2621 7474.
1241 2566 1369 2621 9763.
1429 2564 1557 2613 Quod
1579 2566 1699 2619 probi·
1717 2565 1920 2607 vastentur
1940 2568 2074 2621 quoad*
2092 2568 2211 2618 falsa„
2229 2583 2289 2610 ac·

291 2623 386 2669 mali
414 2623 543 2678 quoad
565 2636 672 2671 vera,
709 2636 765 2664 n:
788 2636 1065 2679 7474-7541.
1093 2637 1115 2680 7
1121 2636 1219 2678 542.
1279 2621 1404 2679 Qod
1438 2622 1546 2676 apud
1573 2622 1718 2676 probos
1745 2622 1979 2665 vastationes
2010 2623 2126 2675 fiant,
2156 2625 2285 2669 etiam„-

292 2691 338 2732 ut
371 2691 569 2723 exuantur
603 2678 799 2721 terrestria
829 2681 869 2722 ὅτ
900 2681 1120 2728 mundana,
1166 2694 1271 2734 quae,
1316 2694 1413 2721 cum
1451 2681 1494 2721 in
1530 2680 1684 2721 mundo
1720 2679 1925 2731 vixerunt,
1967 2693 2276 2732 contraxerunt,

291 2751 320 2778 n
347 2751 357 2779 :
379 2737 503 2795 7186.
526 2737 654 2795 9763.
715 2735 853 2792 thue
873 2738 976 2778 mala
995 2738 1034 2779 ὅτ
1056 2737 1146 2779 falsa
1169 2746 1466 2788 removeantur,
1498 2736 1538 2778 ὅτ
1567 2736 1625 2779 fic
1650 2736 1767 2779 detur
1796 2738 1912 2780 locus
1938 2737 2143 2794 influen'di'
2161 2738 2274 2781 b'onis

294 2794 334 2835 &
367 2795 468 2836 veris
502 2809 524 2835 e
558 2796 664 2835 coelo
696 2808 719 2834 a
750 2794 950 2846 Domino,
980 2809 1027 2836 ac
1063 2795 1228 2837 facultas
1261 2795 1474 2849 recipiendi
1505 2794 1586 2844 illa,
1618 2807 1827 2853 11:37122.
1857 2809 1985 2853 9331.
2045 2793 2283 2848 Qiodnon.

292 2853 401 2904 prius
427 2851 572 2895 elevari
597 2853 740 2906 poffmt
767 2853 808 2893 in
839 2852 1010 2904 coelum,
1039 2867 1158 2907 quam
1182 2851 1398 2907 vpostquam
1419 2852 1511 2893 talia
1533 2862 1687 2895 remota
1706 2853 1811 2902 sunt,
1842 2852 2111 2908 quia20bstant
2130 2854 2168 2893 ὅτ
2188 2863 2278 2896 non—

293 2909 541 2950 concordam
562 2923 658 2951 eum
679 2909 919 2960 coelestibus,
941 2924 993 2951 n:
1016 2910 1142 2966 6928.
1158 2922 1283 2966 7122.
1300 2910 1426 2974 7136.
1447 2922 1572 2966 7541.
1591 2923 1615 2966 7
1619 2923 1718 2965 542.
1738 2911 1866 2967 9763.
1897 2909 2020 2963 Quod
2040 2908 2092 2950 sic
2110 2924 2276 2966 quoque

292 2975 575 3019 praeparentur,
605 2967 671 3021 qui
706 2966 747 3008 in
783 2967 935 3008 coelum
969 2967 1149 3008 elevandi
1183 2967 1292 3016 sunt,
1323 2967 1530 3025 11:4728.
1553 2980 1681 3023 7090.
1742 2966 2143 3022 Qodfpuriculosum
2163 2967 2209 3009 fit
2228 2969 2280 3011 im

293 3021 446 3064 coelum
467 3023 618 3070 venire,
648 3032 862 3077 antequam
894 3024 1118 3077 praeparati,
1148 3036 1200 3066 n:
1222 3037 1321 3080 537.
1342 3024 1440 3080 538.
1473 3025 1523 3064 de
1553 3024 1657 3067 statu
1687 3023 1966 3072 illustrationis,
1998 3023 2037 3064 ὅτ
2056 3023 2105 3064 de
2125 3026 2282 3079 gaudio-

293 3093 433 3120 eorum
454 3079 522 3133 qui
541 3093 563 3126 e
583 3077 797 3120 vastatione
818 3082 1003 3130 veniunt,
1035 3080 1074 3121 ὅτ
1093 3081 1299 3122 elevantur
1320 3082 1360 3121 in
1389 3082 1558 3130 coelum,
1590 3082 1633 3123 ὅτ
1662 3083 1712 3122 de
1743 3080 1967 3132 receptione
2000 3080 2160 3123 illorum
2195 3083 2279 3134 ibi,

292 3151 350 3177 n:
373 3137 499 3192 2699.
519 3149 646 3193 2701.
670 3149 796 3192 2704.
854 3136 977 3190 Quod
998 3137 1158 3193 Regio,
1175 3138 1242 3179 ubi
1268 3138 1515 3180 vastationes
1535 3138 1614 3181 illae
1630 3138 1754 3187 fiunt,
1781 3136 1935 3179 dicatur
1957 3147 2062 3178 terra
2087 3139 2279 3193 inferior*

292 3207 322 3234 n
346 3208 356 3234 :
376 3193 503 3249 4728.
528 3207 653 3250 7090.
713 3192 836 3248 Qod
859 3193 990 3250 Regio
1019 3195 1082 3237 illa
1109 3195 1155 3236 sit
1184 3194 1252 3237 sub
1284 3196 1424 3250 plantis
1447 3197 1595 3250 pedum
1623 3194 1906 3236 circumcineta
1935 3195 2112 3244 infernis,
2145 3198 2273 3251 qualis

297 3250 380 3303 illa,
411 3252 656 3304 describitur,
688 3265 715 3294 n
736 3264 881 3309 :4940
908 3254 959 3294 ad'
985 3265 1112 3310 4951.
1135 3265 1263 3311 7090.
1293 3254 1344 3296 ab
1363 3252 1625 3309 experientia,
1651 3260 1706 3293 n:
1731 3252 1828 3310 699.
1891 3249 2093 3305 Quaenam
2113 3254 2276 3296 inferna·

1022 3327 1031 3334 ·
2163 3312 2271 3366 sunt,
