2546 3786
292 281 418 328 112
606 256 1163 340 DECOELO
1221 278 1333 340 aa}
1390 259 1967 337 INFERND.

753 458 876 535 De
923 418 1118 552 statu
1183 451 1380 535 Pacis
1430 413 1511 535 in
1551 459 1793 536 coelo.

288 643 664 812 ²84⁵·QU1
706 656 798 690 non
837 641 884 688 in
923 641 1038 688 Pace
1060 639 1184 689 Coeli
1215 638 1377 698 fuerat,
1413 656 1503 690 non
1541 642 1766 706 percipere
1787 642 1932 708 potest
1953 643 2065 707 quid
2090 643 2186 692 Pax
2224 643 2271 692 in

624 724 715 772 qua
729 707 838 755 ‘sunt
861 708 1065 769 Angeli;
1107 706 1249 754 homo
1287 707 1441 764 etiam,
1482 707 1703 770 quamdiu
1747 710 1794 756 in
1828 725 2016 774 corpore
2052 709 2131 767 est,
2178 727 2271 758 non

623 773 770 838 potest
796 774 992 836 recipere
1016 774 1180 820 Pacem
1219 772 1346 830 coeli,
1387 773 1448 820 ita
1485 789 1578 821 non
1610 774 1838 838 percipere
1872 774 2011 835 illam,
2048 776 2151 839 quia
2188 777 2269 823 ho-

294 842 426 890 minis
458 842 687 905 perceptio
708 838 783 890 ,est
815 839 863 886 in
894 837 1110 889 naturali:
1158 839 1214 892 is,
1252 850 1306 886 ut
1341 838 1573 902 percipiat,
1610 839 1745 887 debet
1778 839 1875 887 talis
1909 841 2008 897 esse,
2049 855 2099 889 ut
2121 842 2273 905 quoad

291 910 611 971 cogitationem
638 907 769 969 possit
789 904 953 952 elevari
977 906 1026 951 δε
1049 903 1213 952 abduci
1245 920 1270 952 a
1292 919 1495 969 corpore,
1530 905 1580 952 δε
1600 904 1687 952 fisti
1712 906 1757 952 in
1781 905 1953 970 spiritu,
1987 907 2036 954 δε
2060 918 2168 955 tunc
2191 909 2274 955 effe

290 989 398 1020 cum
424 972 647 1036 Angelis:
690 971 797 1035 quia
829 972 889 1017 ita
911 970 1025 1018 mihi
1061 981 1270 1034 percepta
1300 969 1364 1017 est
1385 971 1480 1018 Pax
1501 970 1627 1027 coeli,
1653 971 1830 1035 poss'um
1864 971 2107 1020 describere
2130 974 2271 1029 illam,

291 1039 355 1087 ast
374 1055 464 1087 non
486 1037 677 1086 vocibus
698 1037 840 1100 qualis
862 1034 927 1083 est
948 1036 993 1082 in
1017 1033 1077 1092 se,
1110 1036 1217 1098 quia
1241 1050 1372 1084 voces
1394 1035 1608 1083 humanae
1640 1052 1732 1084 non
1767 1037 2015 1101 adaequatae
2039 1036 2157 1096 sunt,
2197 1038 2274 1086 sed

293 1105 437 1154 modo
459 1103 646 1153 vocibus
664 1104 813 1166 qualis
834 1101 896 1149 est
919 1101 1222 1164 comparative
1252 1101 1311 1148 ad
1344 1100 1471 1149 illam
1508 1101 1710 1165 requiem
1744 1105 1901 1161 animi,
1949 1119 2054 1168 quae
2089 1104 2152 1152 est
2188 1106 2273 1153 iuis

293 1172 373 1235 qui
395 1169 594 1219 contenti
617 1167 718 1216 sunt
741 1169 786 1214 in
810 1167 927 1214 Deo.

363 1240 474 1299 285.
509 1235 623 1282 Sunt
645 1234 740 1280 duo
774 1233 938 1280 intima
960 1231 1102 1289 Coeii,
1139 1247 1304 1295 nempe
1334 1232 1593 1281 innocentia
1615 1233 1666 1282 δε
1689 1235 1822 1291 Pax;
1870 1235 2030 1283 intima
2063 1236 2275 1285 dicuntur

293 1303 401 1366 quia
438 1300 696 1348 immediate
719 1298 971 1362 procedunt
1007 1313 1033 1345 a
1054 1299 1294 1354 Domino;
1335 1297 1603 1347 Innocentia
1635 1300 1698 1348 est
1733 1315 1790 1347 ex
1812 1317 1902 1364 qua
1924 1317 2061 1350 omne
2100 1303 2274 1350 bonum

293 1366 434 1423 Coeli,
469 1367 518 1413 &
539 1366 636 1413 Pax
658 1363 723 1412 est
745 1379 802 1412 ex
823 1379 912 1424 qua
933 1378 1072 1411 omne
1097 1361 1358 1428 jucundum
1395 1364 1500 1412 boni
1522 1386 1538 1422 ς
1582 1380 1720 1415 omne
1744 1365 1917 1414 bonum
1950 1366 2078 1415 suum
2105 1367 2277 1432 jucun-

293 1435 406 1480 dum
443 1430 603 1487 habet;
636 1442 886 1493 utrumque
915 1441 1008 1478 tam
1032 1429 1208 1478 bonum
1242 1445 1381 1494 quam
1413 1428 1677 1495 jucundum
1711 1431 1776 1480 est
1802 1432 1985 1490 amoris,
2024 1449 2130 1480 nam
2153 1434 2279 1498 quod

295 1510 469 1547 amatur
501 1497 589 1545 hoc
608 1495 784 1545 bonum
806 1495 990 1553 dicitur,
1031 1496 1080 1544 δε
1102 1511 1287 1560 quoque
1319 1507 1373 1543 ut
1395 1493 1657 1560 jucundum
1683 1497 1961 1562 percipitur·,
2004 1498 2107 1547 inde
2135 1498 2279 1563 sequi*-

297 1577 388 1621 tur,
423 1563 551 1627 quod
589 1563 685 1611 duo
720 1561 794 1609 illa
819 1561 999 1618 Intima,
1034 1576 1141 1624 quae
1175 1561 1278 1609 sunt
1311 1562 1572 1611 Innocentia
1609 1563 1660 1612 δε
1683 1565 1796 1620 Pax,
1833 1579 1890 1611 ex
1920 1565 2095 1612 Divino
2130 1582 2282 1614 amore

293 1629 486 1682 Domini
509 1628 768 1692 procedant,
803 1626 854 1675 δε
878 1627 1071 1675 afficiant
1093 1626 1301 1690 Angelos
1333 1627 1392 1675 ab
1413 1628 1593 1692 intimo.
1665 1628 1812 1691 Qod
1835 1630 2095 1678 Innocentia
2132 1632 2186 1678 sit
2209 1631 2278 1679 i'n·

296 1696 465 1744 timum
490 1694 615 1751 boni,
649 1694 856 1741 videatur
877 1693 923 1740 in
949 1692 1162 1740 Articulo
1183 1707 1296 1740 mox
1326 1693 1625 1757 praecedente,
1663 1695 1743 1743 ubi
1777 1694 1834 1743 de
1866 1693 1981 1743 statu
2005 1695 2279 1744 Innocentiae

295 1760 587 1825 Angelorum
611 1759 736 1807 Coeli
759 1759 909 1806 aetum
933 1757 1030 1813 est;
1073 1758 1198 1822 quod
1221 1771 1374 1808 autem
1398 1759 1494 1808 Pax
1521 1759 1575 1808 fit
1603 1761 1823 1809 ,intimum
1849 1758 2046 1826 jucundi
2079 1778 2134 1810 ex
2159 1762 2280 1812 bono

295 1828 581 1883 innocentiae,
623 1840 744 1872 nunc
772 1823 1082 1887 explicabitur.

314 1940 319 1943 ,
365 1890 476 1942 286.
510 1891 653 1939 Unde
679 1891 778 1938 Pax>
792 1889 997 1953 primum
1020 1889 1228 1945 dicetur;
1261 1889 1432 1938 Divina
1456 1890 1553 1938 Pax
1573 1890 1637 1940 est
1668 1891 1715 1939 in
1737 1890 1963 1950 Domino,
2002 1892 2192 1942 existens
2223 1911 2280 1942 ex

296 1959 462 2006 unione
494 1956 635 2021 Ipsius
657 1956 821 2004 Divini
857 1971 909 2003 ac
930 1955 1092 2003 Divini
1117 1956 1327 2004 Humani
1363 1957 1410 2004 in
1445 1955 1583 2020 Ips03
1628 1957 1854 2007 Divinum
1891 1958 2019 2008 Pacis
2059 1960 2104 2007 in
2144 1960 2281 2009 Coelo

299 2024 363 2072 est
395 2040 422 2072 a
442 2023 667 2080 Domino,
706 2021 894 2070 existens
917 2037 974 2069 ex
994 2019 1314 2083 conjunctione
1336 2021 1484 2086 Ipfi‘us‘
1513 2038 1622 2071 cum
1646 2024 1839 2088 Angelis
1859 2025 2000 2082 Coeli,
2035 2024 2084 2072 δε
2107 2027 2155 2072 in
2179 2042 2279 2088 par·

297 2090 472 2138 ticulari
490 2105 547 2137 ex
568 2087 885 2153 conjunctione
917 2086 1025 2134 boni
1059 2088 1109 2134 &
1131 2087 1226 2133 veri
1249 2088 1372 2150 apud
1395 2091 1752 2152 unumquemvis
1775 2090 2009 2152 Angelum
2033 2111 2047 2145 ;
2088 2089 2158 2138 hae
2181 2091 2282 2140 sunt

296 2156 491 2219 origines
526 2155 684 2206 Pacis:
731 2169 791 2201 ex
811 2152 980 2217 quibus
1002 2150 1202 2200 constare
1225 2151 1386 2216 potest,
1426 2154 1551 2216 quod
1589 2154 1685 2202 Pax
1707 2155 1763 2205 ,in
1788 2155 1932 2203 Coelis
1965 2155 2021 2203 sit
2052 2156 2277 2206 Divinum

297 2222 457 2269 intime
503 2220 697 2268 afficiens
735 2218 1007 2266 beatitudine
1045 2233 1183 2266 omne
1216 2218 1390 2266 bonum
1434 2218 1515 2276 ibi,
1570 2220 1634 2267 ita
1671 2235 1728 2268 ex
1760 2235 1850 2283 qua
1886 2236 2024 2269 omne
2060 2222 2279 2285 gaudium

287 2287 439 2343 .coeli;
478 2287 526 2334 &
548 2286 674 2350 quod
715 2285 768 2332 fit
806 2286 852 2333 in
874 2283 947 2332 sua
976 2283 1154 2332 effentia
1185 2284 1411 2332 Divinum
1443 2285 1665 2348 gaudium
1699 2287 1862 2334 Divini
1893 2289 2058 2336 amoris
2091 2288 2283 2337 Domini

298 2369 357 2402 ex
380 2350 695 2416 conjunctione
717 2349 858 2414 ipsius
880 2365 988 2397 cum
1013 2350 1168 2406 Coelo,
1209 2352 1258 2398 &
1280 2365 1388 2398 cum
1413 2353 1669 2414 unoquovis
1693 2351 1789 2409 ibi;
1826 2353 1912 2401 hoc
1935 2353 2156 2417 gaudium
2181 2370 2282 2418 per-

286 2431 484 2483 ceptum
517 2417 768 2466 a'Domino
802 2417 849 2464 in
872 2415 1084 2480 Angelis,
1120 2417 1169 2464 δε
1194 2415 1250 2463 ab
1273 2417 1464 2480 Angelis
1505 2433 1530 2465 a
1549 2418 1773 2475 Domino,
1812 2418 1879 2467 est
1899 2420 2025 2469 Pax:
2067 2418 2172 2468 inde
2202 2436 2284 2485 per

298 2485 621 2532 derivationem
645 2482 708 2531 est
733 2482 925 2546 Angelis
946 2497 1084 2531 omne
1106 2481 1304 2541 beatum,
1335 2481 1614 2547 jucundum,
1652 2484 1702 2533 δε
1725 2483 1851 2544 felix,
1888 2484 1960 2534 seu
1983 2486 2027 2534 id
2050 2486 2178 2551 quod
2200 2502 2285 2535 vo*

295 2562 430 2599 catur
463 2549 682 2614 gaudium
719 2548 901 2596 coeleste
917 2550 1005 2609 (o).

369 2621 481 2679 287.
521 2615 650 2674 Quia
671 2614 776 2663 inde
798 2613 900 2662 sunt
920 2613 1114 2677 origines
1136 2614 1282 2670 Pacis,
1322 2613 1423 2662 ideo
1445 2615 1676 2664 Dominus
1699 2629 1889 2665 vocatur
1911 2617 2125 2684 Princeps
2147 2618 2283 2684 pacis,

303 2683 352 2731 δε
376 2684 488 2730 dicit
524 2681 652 2745 quod
690 2679 748 2728 ab
782 2679 884 2744 lpso
917 2695 1021 2743 pax,
1062 2682 1113 2728 &
1153 2681 1199 2726 in
1238 2679 1342 2744 Ipso
1377 2696 1498 2744 pax·,
1544 2693 1644 2729 tum
1671 2684 1838 2745 Angeli
1874 2683 2088 2733 dicuntur
2110 2686 2281 2749 Angeli

303 2749 441 2811 pacis,
498 2749 548 2796 δε
580 2746 774 2794 Coelum
808 2745 1115 2808 habitaculum
1150 2746 1290 2808 paciS,
1330 2759 1383 2793 ut
1419 2748 1465 2793 in
1501 2747 1568 2794 his
1603 2747 1884 2812 sequentibus
1928 2750 2070 2807 locis,
2108 2756 2141 2778 “
2166 2754 2286 2800 Puer

293 2824 431 2863 natus
452 2813 506 2875 est
519 2813 660 2870 ·'r'sobis,
694 2812 833 2861 Filius
853 2812 980 2861 datus
1011 2812 1066 2873 cst
1095 2812 1230 2869 nobis,
1259 2813 1391 2876 super
1423 2814 1554 2877 Cujus
1587 2814 1758 2862 humero
1794 2817 2089 2879 Principcztus,
2130 2818 2187 2866 ἐν]
2209 2834 2287 2865 vo·

562 2916 565 2918 -
2119 2884 2289 2931 cabitur

355 3013 432 3070 ⁴(a)
463 3011 590 3067 Qod
604 3025 680 3067 per
698 3004 847 3054 Pacem
871 3012 916 3053 in
932 3011 1120 3068 supremo
1148 3013 1254 3055 sensu
1276 3012 1529 3069 intelligatur
1545 3013 1769 3066 Dominus,
1792 3013 1899 3069 „quia
1927 3014 1975 3054 ab
2004 3013 2092 3068 Ipso
2113 3014 2212 3065 Pax,
2245 3017 2285 3059 δι

296 3072 348 3113 fin
379 3071 489 3112 sensu
509 3066 866 3118 interno-Coelum‚
897 3070 991 3124 quia
1021 3070 1074 3112 ibi
1105 3071 1146 3112 in
1166 3070 1284 3112 status
1305 3072 1427 3125 pacis,
1458 3085 1482 3112 e
1500 3086 1510 3113 :
1528 3071 1655 3129 3780.
1677 3072 1826 3126 4681..
1863 3069 1986 3125 Qod
2010 3070 2093 3114 Pax
2112 3074 2151 3127 in
2175 3074 2286 3116 coelis

298 3129 353 3170 [ιε
371 3127 570 3169 Divinum
589 3127 732 3168 intime
761 3126 938 3167 afficiens
959 3126 1207 3171 beatitudine
1235 3142 1358 3170 omne
1375 3131 1527 3171 bonum
1543 3130 1582 3172 &
1602 3142 1743 3171 verum
1772 3127 1844 3177 ibi,
1865 3129 1904 3170 &
1923 3129 2029 3182 quod
2054 3128 2102 3171 fit
2129 3131 2290 3173 incom-

296 3184 567 3241 prehensibilis
588 3184 759 3234 homini,
777 3198 815 3225 'n
834 3197 845 3225 :
864 3197 936 3240 9²·
961 3185 1089 3242 3780.
1110 3186 1237 3242 5662.
1261 3187 1343 3243 845
1348 3199 1388 3245 5.
1424 3186 1555 3244 8665.
1615 3184 1740 3241 Qod
1757 3184 1909 3228 Divina
1926 3185 2007 3230 Pax
2026 3185 2073 3231 fit
2093 3188 2135 3231 in
2153 3188 2282 3244 bono,

295 3253 544 3297 innatantem
568 3242 607 3287 in
630 3255 725 3284 vero
754 3241 897 3299 absque
917 3241 1042 3295 bono,
1073 3257 1127 3286 n:
1152 3245 1282 3301 8722..
