2546 3786
622 251 1321 318 Dn-coELo-ET
1380 203 1966 319 INFERNO.
2055 276 2058 279 ·
2152 277 2284 343 199

299 386 530 449 {ppareng
575 381 751 431 tametfi
790 382 837 431 in
875 381 958 448 sua:
983 377 1159 426 effintia
1194 394 1284 426 non
1323 379 1424 428 sunt
1461 382 1687 439 naturalia,
1736 383 1810 430 sed
1846 384 2102 447 spiritualia,
2145 398 2283 448 prout

295 450 523 499 ostensum
565 449 770 497 videatur
807 443 1087 499 iaArticulo
1125 445 1182 491 de
1215 447 1607 510 Repraesentativis
1641 449 1692 496 &c
1714 450 2002 512 Apparentiis
2039 453 2087 498 in
2124 453 2281 506 Coele,

295 533 357 566 n:
389 532 479 583 170
502 515 558 563 ad
588 516 696 580 176.
749 510 852 559 eSed
878 509 1107 560 Memoria
1142 523 1322 560 externa
1359 512 1432 560 seu
1472 515 1696 570 naturalis,
1731 526 1963 585 quantum⁴
1986 516 2043 564 ad
2075 517 2148 564 illa
2169 518 2280 565 inibi

290 598 400 647 quae
438 578 619 630 trahunt
653 596 680 627 a
705 574 941 632 materiali,
976 592 1090 639 eque
1126 588 1330 641 tempore
1364 579 1416 627 δε
1450 577 1607 643 spatio,
1641 581 1692 628 &
1712 596 1738 628 a
1760 578 1940 644 reliquis
1962 597 2068 644 quae
2097 585 2278 647 propria

295 660 466 696 naturae
483 647 603 704 sunt,
633 657 724 691 non
740 640 920 689 inservit
937 641 1107 705 spiritui
1124 659 1208 706 pro
1229 644 1308 692 illo
1331 644 1428 702 usu,
1462 646 1509 693 in
1531 662 1626 709 quo
1649 645 1931 703 inser-viverat
1950 649 1993 696 ei
2013 649 2059 695 in
2083 649 2275 704 mundo,

292 715 510 778 quoniam
532 713 671 759 homo
694 709 739 755 in
765 709 954 764 mundo,
991 724 1098 755 cum
1134 725 1192 756 ex
1227 709 1405 758 sensuali
1439 724 1639 769 externo,
1674 713 1723 760 &
1749 728 1839 760 non
1863 713 1995 761 simul
2017 730 2072 761 ex
2095 715 2276 765 sensuali

293 781 471 828 interno
499 775 570 824 seu
601 774 884 832 intelleEtuali
914 775 1147 837 cogitavit,
1185 777 1436 838 naturaliter
1459 778 1508 824 &
1533 793 1623 825 non
1646 777 1926 841 spiritualiter
1947 780 2198 843 cogitavit3
2231 797 2277 832 at

293 860 404 893 vero
424 847 469 891 in
493 840 626 888 altera
647 842 757 896 vita,
781 841 893 887 dum
918 840 1090 903 spititus
1116 839 1244 887 estin
1268 843 1444 888 mundo
1465 842 1694 905 spirituali,
1718 860 1810 892 non
1833 845 2001 908 cogitat
2023 847 2277 898 naturaliter

291 911 364 960 sed
387 907 665 972 spiritualiter
684 929 700 962 ;
735 905 1014 970 spiritualiter
1036 906 1235 968 cogitare
1258 906 1322 954 est
1346 907 1695 956 intellectualiter
1727 909 1799 956 seu
1834 911 2136 968 rationaliter;
2171 913 2276 964 inde

285 975 383 1032 est,
402 973 528 1037 quod
570 973 787 1021 memoria
823 985 1003 1019 externa
1027 971 1098 1018 seu
1121 973 1328 1019 naturalis
1350 973 1501 1036 quoad
1525 972 1600 1020 illa
1621 989 1728 1037 quae
1753 973 1988 1024 materialia
2011 975 2129 1034 sunt,
2163 990 2274 1029 tunc

286 1040 497 1105 quiescat,
531 1040 581 1087 &
622 1038 764 1086 modo
805 1038 851 1085 in
892 1038 1022 1085 usum
1064 1039 1245 1086 veniant
1281 1053 1388 1102 quae
1425 1039 1565 1086 homo
1600 1055 1679 1102 per
1716 1039 1789 1086 illa
1823 1041 1869 1087 in
1908 1043 2082 1090 mundo
2113 1043 2274 1104 haufit,

284 1109 338 1155 δε
362 1106 586 1154 rationalia
622 1101 755 1152 fecit:
791 1104 920 1167 quod
960 1105 1177 1151 memoria
1212 1117 1394 1152 externa
1431 1105 1584 1168 quoad
1619 1105 1693 1153 illa
1729 1119 1836 1168 quae
1876 1108 2116 1156 materialia
2153 1108 2271 1167 sunt,

291 1172 503 1237 quiescat,
537 1171 601 1218 est
623 1169 763 1226 causa,
797 1170 903 1233 quia
941 1185 1032 1217 non
1072 1171 1311 1233 reproduci
1346 1171 1541 1235 poffunt,
1577 1172 1827 1234 loquuntur
1855 1172 1975 1219 enim
2017 1172 2194 1236 spiritus
2225 1178 2275 1225 δε

282 1239 432 1302 angeli
456 1253 511 1284 ex
534 1236 839 1284 affectionibus
863 1238 912 1283 δε
947 1236 1051 1283 inde
1085 1237 1434 1299 cogitationibus
1473 1253 1579 1300 quae
1614 1241 1776 1285 mentis
1813 1252 1972 1286 eorum
2008 1237 2125 1296 sunt,
2160 1256 2270 1303 qua-

285 1316 471 1369 propter
492 1318 541 1350 ea
560 1317 666 1365 quae
688 1317 779 1350 non
801 1302 1021 1364 quadrant
1042 1315 1152 1350 cum
1172 1303 1277 1358 illis,
1313 1318 1405 1350 non
1425 1304 1577 1367 eloqui
1601 1304 1797 1367 possunt,
1833 1315 1885 1350 ut
1906 1303 2103 1353 constare
2126 1306 2273 1370 potest

283 1387 342 1419 ex
383 1371 452 1426 i1s,
499 1383 606 1432 quae
644 1368 700 1415 de
739 1368 916 1431 loquela
948 1369 1235 1430 Angelorum
1277 1370 1324 1416 in
1364 1369 1517 1424 Coelo,
1562 1370 1610 1417 &
1651 1370 1709 1416 de
1748 1369 1924 1433 loquela
1962 1380 2119 1418 eorum
2159 1387 2269 1423 cum

284 1437 468 1484 homine
506 1435 535 1482 n'
560 1452 571 1482 ε
599 1450 694 1498 234
728 1434 785 1480 ad
811 1449 923 1496 257,
976 1434 1095 1481 dieta
1135 1433 1262 1484 suntr:
1316 1434 1421 1482 inde
1459 1434 1538 1491 cst,
1588 1435 1715 1498 quod
1752 1439 1974 1498 quantum
2011 1436 2154 1484 homo
2189 1453 2271 1502 per

282 1504 492 1565 Linguas
529 1501 576 1547 δι
615 1515 695 1563 per
733 1500 944 1546 Scientias
983 1500 1203 1547 rationalis
1242 1498 1385 1548 faetus
1425 1499 1488 1548 est
1523 1502 1568 1547 in
1607 1500 1798 1557 mundo,
1835 1512 2009 1550 tantum
2045 1503 2269 1553 rationalis

285 1570 340 1615 fit
362 1567 462 1631 post
486 1577 698 1621 mortem,
732 1566 783 1612 &
807 1564 984 1627 prorsus
1016 1580 1108 1612 non
1142 1578 1366 1628 quantum
1402 1566 1576 1628 linguas
1611 1566 1660 1613 &
1701 1565 1901 1614 scientias
1936 1563 2103 1616 calluit.
2172 1570 2268 1617 Lo·

282 1646 453 1697 quutus
476 1631 574 1677 sum
598 1645 703 1678 cum
730 1630 952 1693 pluribus,
987 1645 1103 1692 quos
1142 1630 1190 1677 in
1230 1630 1406 1677 mundo
1443 1632 1733 1678 crediderunt
1769 1629 1864 1678 fore
1901 1633 2100 1681 eruditos
2129 1650 2185 1681 ex
2215 1650 2271 1683 eo

281 1699 409 1762 quod
450 1697 657 1744 noverint
694 1696 900 1758 Linguas
938 1694 1149 1752 vetustas,
1185 1707 1238 1742 ut
1273 1695 1566 1753 Hebraicam,
1602 1697 1831 1753 Graecam,
1866 1697 1918 1745 &
1953 1698 2182 1756 Latinam,
2218 1702 2268 1748 δε

283 1779 375 1813 non
414 1762 623 1810 rationale
657 1760 789 1808 suurn
829 1776 909 1824 per
946 1761 1036 1817 illa,
1071 1777 1178 1824 quae
1215 1763 1260 1808 in
1298 1762 1386 1810 illis
1419 1761 1577 1825 scripta
1617 1761 1732 1820 sunt,
1768 1763 2078 1823 excoluerunt,
2115 1767 2163 1813 δε
2186 1766 2269 1814 vili

284 1829 387 1878 sunt
422 1829 610 1892 quidam
650 1829 711 1874 ita
734 1826 972 1890 -fimplices
1008 1825 1120 1873 ficut
1151 1826 1215 1873 illi
1247 1828 1328 1889 qui
1353 1827 1462 1874 nibil
1487 1828 1543 1875 de
1566 1827 1762 1891 Linguis
1784 1828 1868 1876 illis
1893 1843 2130 1888 noverunt,
2166 1833 2270 1895 qui-

283 1892 392 1943 dam
415 1892 598 1958 stupidi,
635 1892 707 1940 sed
733 1891 873 1955 usque
898 1891 1056 1939 mansit
1075 1893 1195 1955 apud
1220 1892 1318 1940 illos
1342 1892 1495 1950 fastus,
1529 1893 1640 1940 ficut
1663 1893 1809 1942 forent
1841 1895 1935 1942 aliis
1972 1894 2268 1958 sapientiores.

284 1962 531 2024 Loquutus
556 1957 652 2005 sum
683 1956 970 2021 quibusdam,
1004 1959 1085 2020 qui
1118 1957 1406 2006 crediderunt
1442 1960 1488 2006 in
1525 1959 1718 2015 mundo,
1753 1960 1877 2022 quod
1912 1961 2054 2009 homo
2087 1973 2268 2012 tantum
2340 2001 2343 2003 .

284 2027 436 2090 sapiat,
472 2035 694 2088 quantum
734 2025 953 2071 memoria
991 2035 1132 2079 tenet,
1164 2024 1213 2070 δε
1238 2025 1319 2086 qui
1341 2026 1474 2071 etiam
1499 2025 1654 2071 multis
1679 2025 2069 2088 locupletaverunt
2093 2044 2268 2076 mem00.

283 2094 414 2148 riam,
448 2092 499 2138 δε
521 2104 577 2138 ex
600 2088 675 2136 illa
697 2088 788 2136 sola
809 2103 939 2152 paene
961 2087 1137 2151 loquuti
1162 2088 1279 2144 sunt,
1315 2090 1376 2136 ita
1410 2105 1502 2137 non
1543 2106 1599 2137 ex
1639 2089 1678 2137 se
1718 2090 1791 2137 sed
1831 2107 1887 2138 ex
1926 2092 2035 2147 aliis,
2072 2096 2121 2142 δε
2156 2094 2266 2143 nihil

283 2157 492 2206 rationale
513 2171 594 2220 per
615 2171 683 2203 res
708 2155 943 2202 memoriae
975 2152 1253 2217 perfecerunt
1274 2176 1288 2210 ;
1323 2156 1511 2218 quidam
1534 2171 1588 2202 ex
1611 2155 1697 2216 illis
1721 2169 1843 2203 erant
1866 2156 2048 2221 stupidi,
2083 2160 2269 2222 quidam

284 2223 415 2283 fatui,
449 2220 625 2287 prorsus
659 2220 767 2268 nihil
791 2220 1218 2284 comprehendentes
1243 2221 1425 2284 aliquod
1450 2237 1628 2278 verum,
1664 2238 1775 2269 num
1801 2238 1959 2270 verum
1985 2223 2037 2272 fit
2059 2226 2130 2271 vel
2156 2242 2265 2283 non,

280 2290 332 2336 &
355 2289 607 2352 arripientes
629 2287 782 2334 omnia
802 2284 919 2342 falsa,
953 2301 1060 2350 quae
1093 2301 1178 2351 pro
1205 2288 1320 2333 veris
1346 2288 1630 2335 venditantur
1661 2288 1716 2334 ab
1754 2288 1838 2336 illis
1872 2291 1950 2352 qui
1992 2289 2031 2336 se
2070 2291 2267 2339 eruditos

283 2366 466 2411 vocant,
502 2353 612 2400 nihil
648 2354 771 2400 enim
810 2353 962 2400 videre
1000 2354 1180 2416 poffunt
1218 2368 1274 2399 ex
1315 2352 1372 2410 se,
1407 2369 1518 2400 num
1555 2356 1614 2401 ita
1648 2353 1700 2401 fit
1733 2354 1803 2400 vel
1840 2370 1928 2402 non
1967 2357 2042 2411 ita,
2078 2358 2266 2417 proinde

284 2421 396 2468 nihil
437 2418 702 2467 rationaliter
741 2433 848 2466 cum
887 2419 1076 2466 audiunt
1110 2419 1232 2479 alios.
1301 2419 1547 2484 Loquutus
1581 2421 1716 2468 etiam
1757 2419 1854 2467 sum
1889 2437 1992 2468 curn
2027 2422 2265 2485 aliquibus,

280 2488 364 2550 qui
405 2487 450 2533 in
495 2484 669 2532 mundo
708 2484 850 2531 multa
887 2483 1164 2548 scripserunt,
1211 2486 1261 2531 &
1300 2487 1487 2548 quidem
1526 2488 1572 2534 in
1611 2486 1856 2534 scientificis
1894 2488 2043 2534 omnis
2077 2490 2267 2550 generiS,

279 2554 332 2601 &
373 2552 536 2615 quibus
576 2550 681 2598 inde
719 2549 838 2598 fama
873 2552 1136 2598 eruditionis
1175 2549 1317 2600 fuerat
1364 2568 1443 2615 per
1482 2551 1680 2600 multum
1726 2552 1879 2607 orbis;
1929 2554 2064 2617 aliqui
2107 2570 2266 2602 eorum

277 2620 469 2681 quidem
509 2618 755 2664 ratiocinari
795 2629 1040 2679 potuerunt
1080 2616 1138 2663 de
1172 2619 1305 2674 veriS,
1341 2634 1453 2666 num
1482 2634 1588 2666 vera
1617 2619 1708 2666 sint
1731 2619 1800 2665 vel
1837 2634 1928 2666 non
1953 2634 2090 2674 vera3
2126 2620 2266 2682 aliqui

284 2684 596 2732 intellexerunt
633 2698 740 2729 cum
781 2683 981 2730 conversi
1021 2682 1121 2729 sunt
1158 2683 1215 2729 ad
1255 2684 1355 2731 illos
1389 2685 1469 2748 qui
1507 2686 1553 2731 in
1591 2684 1690 2732 luce
1712 2686 1806 2732 veri
1838 2697 1977 2741 erant,
2010 2685 2137 2748 quod
2162 2701 2264 2734 vera
2321 2700 2325 2704 ⁴

282 2749 435 2806 essent,
471 2749 542 2796 sed
567 2747 703 2810 usque
727 2763 819 2795 non
842 2748 1084 2796 voluerunt
1107 2748 1180 2794 illa
1203 2749 1467 2813 intelligere,
1501 2762 1776 2814 quapropter
1798 2750 2020 2814 negabant
2052 2750 2124 2798 illa
2153 2766 2263 2800 cum

283 2817 331 2862 in
361 2814 445 2863 suis
475 2814 589 2862 falsis
621 2815 670 2861 δε
697 2814 753 2861 fic
780 2815 824 2861 in
847 2813 890 2861 se
910 2825 1034 2861 erant
1055 2835 1068 2869 ;
1105 2813 1241 2876 aliqui
1266 2830 1357 2863 non
1383 2817 1482 2879 plus
1507 2816 1745 2878 sapuerunt
1764 2831 1900 2879 quam
1925 2816 2091 2879 vulgus
2115 2817 2263 2865 ineru-

285 2881 434 2928 ditum
449 2895 471 2935 ς’
499 2883 562 2929 ita
584 2896 698 2927 unus
724 2881 772 2927 &
795 2880 902 2926 alter
925 2879 1242 2937 diversimode,
1279 2880 1388 2929 ficut
1413 2897 1491 2944 per
1514 2880 1765 2937 scientifica,
1799 2898 1905 2944 quae
1934 2882 2190 2946 conscripsit
2213 2884 2263 2931 δε

285 2945 758 3008 exscripfiss-excoluit
796 2946 1006 2993 rationale
1041 2945 1200 2993 suum:
1238 2946 1300 2993 illi
1336 2959 1485 2995 autem
1517 2947 1596 3011 qui
1630 2961 1785 2996 contra
1807 2964 1911 2995 vera
1933 2947 2145 2996 Ecclefiae
2168 2947 2287 2996 fue<

285 3024 407 3068 runt,
443 3011 492 3056 δε
531 3013 844 3072 cogitaverunt
881 3026 938 3058 ex
974 3011 1241 3068 scientificiS‚
1275 3014 1324 3061 δι
1357 3013 1398 3062 se
1435 3014 1814 3061 confirmaverunt
1846 3029 1925 3077 per
1963 3030 2012 3061 ea
2047 3014 2094 3061 in
2129 3012 2262 3069 falsis,

284 3092 376 3124 non
416 3074 622 3122 rationale
664 3075 794 3125 suurn
833 3077 1139 3132 excoluerunt,
1174 3077 1246 3124 sed
1271 3080 1412 3127 modo
1440 3078 1696 3127 facultatem
1733 3080 2041 3136 ratiocinandi,
2073 3095 2178 3143 quae
2202 3079 2265 3126 fa·

284 3143 427 3192 cultas
450 3143 496 3188 in
529 3140 709 3188 mundo·
733 3143 930 3192 creditur
960 3142 1042 3191 effe
1078 3142 1367 3202 rationalitas,
1399 3144 1472 3192 sed
1493 3145 1563 3194 est·
1578 3144 1762 3194 facultas
1785 3145 1977 3210 separata
1997 3161 2022 3194 a
2042 3145 2264 3199 rationali·

2163 3223 2269 3265 tate.
