2546 3786
622 224 750 294 DE
811 217 1185 293 COELQ
1248 219 2009 300 ETINFERNO.
2177 248 2313 291 '11

388 358 469 406 ·1‹8.
503 352 652 415 Quod
672 351 900 401 Divinum
923 351 1118 400 Domini
1149 351 1195 403 in
1217 349 1357 399 Coelo
1385 351 1440 399 fit
1462 367 1607 410 amor,
1640 352 1706 400 est
1727 353 1832 418 quia
1853 369 1982 403 amor
2017 354 2082 403 est
2114 352 2310 421 recepta·

317 421 479 470 culum
501 421 713 470 omnium
737 418 862 474 coeli,
895 433 1004 481 quae
1043 416 1146 465 sunt
1176 418 1290 474 Pax,
1335 417 1654 481 Intelligentia,
1693 420 1935 484 Sapientia,
1980 435 2032 468 ac
2066 421 2303 479 Felicitas;

320 504 449 537 amor
466 487 588 535 enim
625 484 784 548 recipit
813 484 966 531 omnia
1003 483 1054 531 δε
1078 483 1251 547 fingula
1280 499 1387 547 quae
1419 484 1499 532 fibi
1530 486 1824 543 conveniunt,
1863 484 2078 535 desiderat
2108 488 2198 545 illa,
2233 490 2303 536 in·

316 554 460 618 quirit
503 553 595 611 illa,
638 549 805 598 imbuit
843 548 916 596 illa
956 547 1070 597 fi'cut
1111 550 1185 597 sua
1223 549 1398 613 sponte,
1437 565 1546 598 nam
1577 551 1679 598 vult
1707 550 1922 599 continue
1954 552 2216 617 locupletari
2251 558 2301 602 δε

318 619 475 683 perfici
511 616 684 665 ab‘illis
703 618 832 675 (cc):
879 616 1006 678 quod
1029 615 1163 663 etiam
1200 628 1362 664 notum
1397 616 1461 663 est
1495 617 1687 674 homini,
1725 633 1830 664 nam
1867 632 1997 665 amor
2026 619 2148 683 apud
2173 621 2302 668 illum

317 681 642 748 quasiinspicit
664 681 713 728 δε
737 680 883 728 haurit
922 697 979 729 ex
1001 681 1132 729 rebus
1171 683 1407 730 memorIae
1439 681 1537 746 ej‘us
1572 683 1727 730 omnia
1760 699 1867 747 quae
1899 685 2197 742 concordant,
2245 703 2296 735 ac

317 751 392 799 illa
413 747 608 812 colligit,
648 748 695 794 δε
723 746 920 810 disponit
960 749 1005 795 in
1045 747 1087 795 se
1110 748 1160 796 &
1181 747 1262 795 sub
1284 747 1340 805 se,
1385 749 1430 795 in
1464 748 1506 796 se
1529 761 1580 796 ut
1602 749 1687 796 sint
1724 748 1817 806 sua,
1856 765 1907 797 ac
1941 750 2022 798 sub
2053 751 2094 798 se
2133 765 2185 800 ut
2218 753 2298 800 sibi

314 814 550 864 inserviant
570 835 585 869 ·,
625 826 787 861 caetera
809 824 976 870 autem,
1013 829 1119 877 quae
1140 830 1233 861 non
1254 813 1546 869 concordant,
1583 812 1725 876 rejicit
1747 817 1795 862 δε
1817 818 2097 865 exterminat.
2123 819 2125 821 ’
2152 819 2300 881 Qod

316 881 460 929 amori
492 880 593 927 infit
632 880 780 927 omnis
816 877 1001 926 facultas
1037 879 1280 942 recipiendi
1313 894 1416 926 vera
1447 878 1528 925 fibi
1563 880 1891 935 convenientia,
1942 898 1992 929 ac
2032 883 2299 931 desiderium

315 947 390 994 illa
428 946 508 994 fibi
547 944 871 1010 conjungendi,
913 945 1057 1009 patuit
1094 946 1230 992 etiam
1263 942 1491 992 manifeste
1522 943 1580 991 ab
1618 944 1706 991 illis
1738 947 1819 1008 qui
1859 946 1904 992 in
1929 948 2116 995 Coelum
2155 951 2298 997 eveeii

314 1014 416 1070 fiat,
460 1013 523 1059 illi
549 1011 719 1059 tametsi
743 1009 964 1074 fimplices
1003 1013 1049 1059 in
1075 1011 1251 1058 mundo
1274 1009 1474 1066 fuerunt,
1509 1010 1650 1074 usque
1674 1012 1719 1056 in
1753 1011 2010 1073 sapientiam
2051 1015 2301 1076 angelicam

315 1082 365 1127 δε
388 1081 433 1125 in
457 1076 604 1126 felicia
627 1076 752 1124 Coeli
776 1090 1011 1134 venerunt,
1050 1093 1157 1124 curu
1184 1078 1300 1125 inter
1325 1077 1530 1141 Angelos
1552 1099 1566 1132 ;
1608 1076 1732 1124 causa
1754 1075 1856 1133 fuit,
1895 1079 2002 1140 quia
2040 1095 2301 1128 amaverunt

313 1146 488 1193 bonum
524 1145 572 1192 δε
599 1159 756 1191 verum
782 1156 964 1207 propter
996 1145 1167 1191 bonum
1193 1144 1242 1191 &
1266 1158 1444 1200 verum,
1486 1145 1535 1190 δε
1560 1143 1940 1206 implantaverunt
1963 1144 2038 1191 illa
2058 1146 2167 1192 vitae
2190 1145 2297 1202 suae,

314 1215 363 1261 δε
398 1227 478 1275 per
511 1211 558 1258 id
599 1209 829 1258 facultates
866 1208 970 1257 facti
1008 1210 1108 1258 sunt
1149 1211 1390 1273 recipiendi
1430 1210 1606 1256 coelum
1646 1225 1754 1256 cum
1794 1210 1922 1257 omni
1967 1210 2177 1273 ineffabili
2218 1213 2294 1260 ibi.

314 1279 416 1338 Qui
447 1289 597 1324 autem
623 1278 668 1324 in
692 1291 844 1324 amore
868 1275 933 1325 sui
965 1278 1015 1324 δε
1042 1276 1203 1323 mundi
1238 1276 1355 1331 sunt,
1390 1275 1455 1322 illi
1491 1277 1537 1322 in
1562 1275 1684 1322 nulla
1712 1273 1923 1323 facultate
1946 1277 2188 1339 recipiendi
2223 1279 2296 1326 illa

312 1344 429 1400 sunt,
465 1342 717 1391 aversantur
741 1342 831 1398 illa,
869 1339 1075 1405 rejiciunt
1099 1343 1190 1399 illa,
1225 1342 1276 1390 &
1301 1343 1355 1389 ad
1379 1343 1584 1406 primum
1609 1342 1782 1388 tactum
1814 1342 1863 1389 &
1887 1343 2113 1390 infiuxum
2137 1360 2298 1393 eorum

312 1409 571 1472 aufugiunt,
607 1410 655 1456 &
681 1408 721 1455 se
752 1408 960 1456 affociant
994 1409 1080 1456 illis
1116 1409 1163 1455 in
1197 1407 1388 1464 inferno,
1432 1409 1512 1471 qui
1547 1409 1592 1454 in
1626 1406 1842 1454 similibus
1882 1408 2040 1456 secum*
2070 1410 2297 1458 amoribus

314 1479 430 1524 sunt.
496 1476 700 1523 Fuerunt
721 1474 912 1537 Spiritus
943 1476 1023 1537 qui
1046 1474 1309 1522 dubitabant
1331 1475 1458 1538 quod
1494 1473 1595 1521 talia
1629 1473 1810 1520 ineffent
1843 1476 1984 1541 amori
2020 1475 2207 1532 coelesti,
2246 1479 2295 1524 δε

314 1541 618 1591 desiderabant
641 1539 747 1588 scire
772 1555 883 1587 num
910 1541 971 1587 ita
1001 1540 1124 1596 estet,
1167 1552 1441 1604 quapropter
1473 1540 1586 1586 misti
1609 1537 1711 1586 sunt
1738 1540 1787 1585 in
1813 1538 1976 1587 statum
2009 1543 2174 1588 amoris
2197 1557 2295 1589 coe-

313 1607 444 1664 iestiS,
491 1607 672 1655 remotis
711 1608 875 1654 interea
909 1605 1201 1663 obstantibus,
1247 1608 1298 1653 δε
1342 1606 1496 1670 perlati
1542 1604 1790 1653 antrorsum
1829 1606 1887 1653 ad
1927 1605 2177 1655 distantiam
2217 1608 2295 1654 ubi

312 1673 501 1723 Coelum
527 1672 824 1738 Angelicum,
866 1673 915 1720 &
940 1671 1045 1721 inde
1068 1673 1246 1737 loquuti
1282 1671 1382 1720 sunt
1419 1688 1619 1728 mecum,
1656 1672 1855 1719 dicentes
1877 1673 2004 1736 quod
2040 1674 2295 1723 interiorem

312 1740 572 1789 felicitatem
637 1740 900 1803 percipiant,
956 1754 1094 1803 quam
1139 1738 1330 1787 vocibus
1374 1740 1626 1803 exprimere
1669 1750 1860 1801 queunt,
1900 1739 2124 1802 *dolentes
2170 1738 2299 1787 valde

313 1806 438 1870 quod
463 1807 508 1863 in
534 1804 771 1869 pristinum
801 1805 964 1852 statum
1008 1806 1214 1854 redirent.
1287 1805 1383 1853 Alii
1421 1806 1555 1852 etiam
1594 1804 1753 1852 elevati
1788 1803 1969 1853 sunt.in
2010 1805 2203 1865 coelum,
2246 1806 2296 1854 &

311 1873 426 1921 sicut
463 1874 644 1920 interius
672 1871 747 1919 seu
785 1872 913 1919 altius
950 1869 1106 1920 sublati
1129 1871 1246 1927 sunt,
1287 1872 1348 1919 ita
1382 1873 1661 1919 intraverunt
1695 1870 1741 1917 in
1772 1871 2113 1935 intelligentiam
2152 1875 2200 1920 &
2233 1872 2296 1919 sa-

348 1939 547 1993 ienuam,
590 1949 642 1984 ut
678 1938 905 1999 percipere
944 1938 1133 1999 possent,
1171 1953 1278 1999 quae
1314 1939 1440 1999 prius
1479 1936 1565 1983 illis
1599 1937 2060 1999 incomprehensibilia
2097 1936 2293 1985 fuerunt.

312 1954 425 2051 {nde
447 2013 583 2066 patet,
625 2001 751 2064 quod
783 2016 911 2047 amor
943 2002 1191 2063 procedens
1228 2018 1253 2047 a
1274 2002 1481 2048 Domino
1518 2002 1571 2048 fit
1604 2002 1934 2064 receptaculum
1974 1999 2082 2050 coeli
2121 2004 2168 2059 δι
2194 2019 2297 2051 om-

315 2070 443 2117 nium
477 2067 553 2114 ibi.

389 2153 470 2199 19„
497 2132 644 2192 Quod
669 2133 821 2180 Amor
849 2133 895 2179 in
918 2133 1177 2181 Dominum
1216 2132 1265 2188 δι
1290 2135 1444 2181 Amor
1479 2148 1585 2195 erga
1617 2130 1880 2195 proximum
1916 2131 2298 2195 comprehendant

315 2201 362 2248 in
385 2200 426 2248 se
448 2201 602 2248 omnia
624 2214 728 2246 vera
747 2200 932 2256 Divina,
972 2198 1170 2247 constare
1205 2199 1350 2263 potest
1382 2215 1438 2247 ex
1466 2200 1550 2246 illis
1581 2213 1687 2262 quae
1712 2196 1806 2260 Ipse
1830 2199 2055 2246 Dominus
2091 2198 2148 2245 de
2183 2199 2296 2249 binis

314 2268 402 2315 illis
425 2266 652 2314 amoribus
676 2265 890 2328 loquutus
913 2264 993 2322 est,
1035 2265 1246 2322 dicendo,
1292 2271 1326 2293 “
1350 2266 1534 2314 Amabis'
1551 2266 1689 2312 Deum
1722 2273 1842 2311 tuum
1879 2281 1927 2312 ex
1956 2274 2044 2311 toto
2073 2264 2192 2313 corde
2224 2276 2297 2312 tuo

314 2332 370 2381 δέ
393 2350 443 2381 ex
465 2342 558 2380 tota
582 2333 724 2379 anima
749 2341 826 2378 tua
846 2353 861 2387 ς
903 2331 980 2378 hoc
1004 2331 1058 2392 cst
1077 2341 1330 2394 praeceptum
1354 2335 1580 2380 maximum
1614 2328 1669 2377 ἔθ’
1685 2332 1904 2392 primum;
1945 2330 2159 2389 secundum
2189 2333 2299 2395 quod

264 2412 266 2414 ’
300 2399 441 2458 simile
472 2396 524 2461 est
545 2397 627 2453 illi,
660 2397 730 2458 est,
766 2408 814 2444 ut
851 2393 961 2444 ames
986 2399 1224 2460 proximum
1259 2409 1379 2446 tuum
1398 2399 1514 2457 ficut
1548 2397 1721 2460 teipsum
1740 2415 1756 2444 .·
1803 2413 1851 2444 ex
1891 2398 1956 2444 his
1993 2397 2149 2443 duobus
2183 2411 2298 2459 prae·

313 2465 444 2527 ceptis
459 2463 638 2526 pendent
661 2465 752 2510 Lex
775 2461 830 2510 ξεῖ
853 2463 1127 2525 Prophetae,”
1154 2465 1336 2511 Matth:
1364 2479 1600 2528 XX11237.
1630 2467 1705 2524 38.
1734 2478 1810 2527 39.
1836 2480 1916 2524 40.
1973 2462 2077 2510 Lex
2112 2465 2160 2511 ὅτ
2186 2464 2298 2511 Pro·

315 2531 465 2596 phetae
488 2528 588 2577 sunt
610 2541 766 2576 totum
788 2529 1015 2588 Verbum,
1041 2532 1101 2577 it'a
1121 2546 1258 2578 omne
1274 2530 1449 2579 Verum
1472 2532 1714 2579 Divinum.
2016 2559 2018 2563 -

395 2688 627 2800 Qod
671 2678 975 2768 Coelum
1019 2687 1447 2790 ¹distincium
1494 2689 1578 2795 fit
1614 2690 1690 2767 in
1729 2692 1880 2770 duo
1920 2674 2204 2799 Regna.

320 2868 395 2904 πο.
527 2854 730 2901 Uoniam
756 2854 801 2900 in
825 2854 962 2902 Coelo
993 2852 1093 2901 sunt
1117 2854 1306 2904 infinitae
1337 2843 1584 2910 varietates,
1612 2855 1660 2902 δε
1682 2869 1769 2901 una
1794 2855 1984 2902 Societas
2010 2871 2099 2903 non
2123 2855 2297 2920 prorsus

551 2920 705 2968 similis
740 2920 883 2978 alteri,
918 2937 975 2968 ne
999 2919 1185 2987 quidem
1209 2937 1326 2969 unus
1361 2922 1548 2985 angelus
1581 2921 1703 2967 alteri
1718 2919 1844 2980 (dd).
1883 2922 1987 2970 ideo
2009 2922 2297 3035 distiggulitur

2153 3003 2201 3035 oe
2219 3003 2298 3035 um

382 3095 465 3151 (cc)
497 3096 622 3152 Qod
644 3098 770 3139 amori
794 3097 911 3138 insint
932 3084 1253 3147 innumerabilia,
1286 3099 1453 3154 &quod
1473 3113 1587 3154 amor
1606 3099 1770 3154 recipiat
1794 3099 1843 3140 ad
1863 3099 1901 3142 se
1925 3100 2064 3141 omnia
2090 3112 2178 3152 quae
2198 3111 2300 3138 con·

265 3197 269 3199 μ
323 3153 512 3202 cordant,
541 3169 568 3195 n
585 3167 596 3195 ε
613 3167 739 3210 2500.
764 3168 891 3210 2572.
918 3155 1045 3211 3078.
1068 3155 1198 3211 3189.
1216 3156 1343 3212 6323.
1365 3169 1491 3212 7490.
1524 3167 1653 3213 7750.

382 3209 478 3265 (dd)
509 3207 633 3264 Qod
658 3211 815 3254 infinita
831 3211 1081 3261 varietasfit,
1103 3212 1359 3267 &nusquam
1377 3215 1525 3269 aliquid
1544 3213 1935 3264 memmi-nancto,
1954 3228 1980 3254 n
1997 3242 2008 3255 .
2026 3212 2151 3268 7236.
2177 3222 2305 3266 9002.

1383 3270 1418 3312 B
1449 3285 1474 3314 2
2153 3303 2158 3308 .
2179 3267 2306 3336 de
