2546 3786
314 269 444 336 ωε
635 269 753 334 DE
803 266 1184 333 coELo
1243 288 1347 334 ετ
1403 246 2006 335 ῙΝΡΕκΝσ.

311 403 359 450 in
382 400 581 465 potentia
603 399 674 446 sed
698 399 832 446 etiam
857 398 902 447 in
926 399 1048 456 actu,
1080 398 1142 445 ita
1178 396 1307 462 quod
1344 394 1433 447 fint
1467 397 1585 449 fausta
1623 398 1696 448 seu
1731 415 1888 465 opera,
1917 400 2024 464 quia
2056 399 2153 450 haec
2183 400 2232 454 in
2260 402 2305 456 se

315 470 548 515 continent
570 466 722 512 omnia
743 467 907 513 amoris
928 466 980 512 ὅτ
1006 464 1111 513 fidei
1132 462 1344 512 hominis.
1431 466 1436 468 ’

324 549 331 556 ·
385 548 497 595 477.
535 528 620 579 Est‘
638 547 766 579 amor
789 546 977 593 regnans
1001 531 1080 593 qui
1108 541 1258 577 manet
1281 529 1513 577 hominem
1660 543 1874 589 mortem,
1911 548 1994 580 nec
2031 532 2220 598 usquam
2258 537 2305 585 in

319 611 539 646 aeternum
576 610 793 653 mutatur,
830 596 930 643 sunt
953 598 1096 643 cuivis
1119 596 1273 659 plures
1297 610 1492 652 amoreS,
1543 596 1599 644 ed
1620 595 1762 661 usque
1785 614 1942 646 omnes
1967 599 2008 647 se
2030 598 2227 649 referunt
2251 603 2308 650 ad

320 680 523 713 amorem
550 662 656 727 ,ejus
695 675 987 727 regnantem,
1009 678 1059 709 ac
1098 677 1243 709 unum
1283 659 1454 709 faciunt
1492 677 1600 711 cum
1642 661 1740 719 illo,
1772 662 1846 712 seu
1870 664 2000 713 illum
2024 665 2156 714 fimul
2179 683 2311 716 com·
2391 657 2396 661 ’

321 743 530 796 ponunt,
566 731 721 777 omnia
759 730 1002 776 voluntatis
1040 744 1146 793 quae
1183 727 1460 776 concordant
1499 743 1608 775 cum
1648 736 1801 777 amore
1839 744 2050 794 regnante
2091 748 2310 783 vocantur

323 812 512 853 amores,
547 797 653 860 quia
675 806 914 850 amantur;
950 795 996 842 hi
1020 810 1192 843 amores
1226 793 1330 842 sunt
1360 794 1588 842 interiores
1609 794 1660 842 &
1680 795 1938 854 exteriores,
1971 797 2072 845 sunt
2107 802 2186 862 qui
2223 802 2312 848 im-

324 861 518 911 mediate
546 861 774 926 conjuncti
810 862 860 909 δε
894 863 973 925 qui
1010 862 1217 918 mediate,
1254 860 1356 909 sunt
1393 862 1625 926 propiores
1664 862 1712 909 δι
1746 862 2025 921 remotiores,
2056 864 2157 912 sunt
2181 866 2314 914 inser-

325 928 495 976 vientes
517 930 644 975 vario
668 928 843 984 modo·,
880 927 1011 977 simul
1036 927 1171 974 sumti
1195 926 1474 976 constituunt
1496 927 1620 991 quafi
1643 942 1856 991 regnum,
1891 927 1952 975 ita
1973 930 2094 977 enim
2118 934 2313 981 ordinati

327 993 430 1042 sunt
464 995 586 1058 apud
622 994 875 1051 hominem,
910 994 1082 1042 tametsl
1107 993 1249 1042 homo
1272 994 1329 1041 de
1351 994 1632 1041 ordinatione
1662 993 1845 1042 illorum
1879 994 2056 1058 prorsus
2087 997 2196 1046 nihil
2219 1000 2314 1057 scit,

327 1060 401 1108 sed
424 1060 591 1126 aliquid
618 1059 922 1108 manifestatur
943 1061 984 1107 ei
1004 1061 1049 1107 in
1073 1060 1208 1107 altera
1229 1060 1340 1117 vita,
1375 1074 1480 1108 narn
1508 1058 1757 1107 secundum
1789 1059 2121 1109 ordinationem
2155 1080 2312 1114 eorum

327 1126 391 1174 est
414 1128 454 1174 ei
475 1127 673 1174 extensio
695 1126 982 1189 cogitationis
1005 1127 1056 1173 &
1080 1125 1325 1174 affeffionis
1360 1125 1440 1183 ibi,
1475 1124 1671 1173 extensio
1706 1126 1753 1172 in
1792 1126 2015 1174 societates
2053 1129 2250 1179 coelestes
2286 1130 2319 1182 fi

327 1187 519 1257 regnans
547 1207 677 1240 amor
709 1190 905 1240 confistit
926 1207 983 1239 ex
1005 1192 1233 1239 amoribus
1255 1191 1400 1248 Coeli,
1432 1205 1477 1240 at
1498 1193 1545 1239 in
1569 1190 1795 1241 societates
1816 1189 2052 1240 infernales
2074 1194 2109 1241 fi
2132 1211 2319 1259 regnans

327 1275 458 1307 amor
493 1258 689 1307 consistit
729 1273 788 1304 ex
821 1257 1051 1305 amoribus
1089 1256 1264 1307 inferni.
1335 1257 1482 1322 Qod
1514 1259 1664 1306 omnis
1687 1259 1903 1322 cogitatio
1925 1260 1976 1306 ὅτ
1997 1259 2174 1308 affectio
2196 1263 2318 1326 spiri-

327 1337 462 1373 tuum
488 1327 535 1372 &
558 1322 823 1387 angelorum
847 1323 1151 1373 extentionem
1175 1323 1366 1372 habeant
1388 1326 1440 1372 inv
1458 1323 1700 1382 societates,
1735 1324 1940 1373 videatur
1959 1324 2089 1389 supra
2122 1328 2166 1374 in
2192 1332 2321 1378 Arti-

327 1390 435 1439 culo
465 1390 523 1437 de
544 1390 764 1454 Sapientia
788 1390 1076 1453 Angelorum
1101 1390 1243 1448 Coeli,
1279 1392 1328 1438 δε
1352 1392 1396 1438 in
1417 1390 1630 1439 Articulo
1653 1390 1711 1439 de
1734 1391 1904 1440 Forma
1925 1391 2050 1440 Coeli
2071 1392 2320 1444 secundum

305 1456 466 1522 'quam
492 1455 839 1505 consociationes
863 1458 913 1504 &
936 1457 1371 1506 communicationes
1393 1458 1472 1504 ibi.
1669 1479 1671 1481 >

394 1526 509 1587 478.
557 1523 647 1570 Sed
683 1522 799 1580 haec,
850 1537 957 1587 quae
996 1522 1207 1571 hactenus
1241 1523 1362 1571 dicta
1404 1522 1522 1580 sunt,
1570 1521 1713 1571 modo
1756 1522 1958 1571 afficiunt
1999 1525 2324 1587 cogitationem

329 1589 532 1637 hominis
565 1589 806 1646 rationalis,
841 1599 894 1636 ut
929 1605 1113 1654 quoque
1146 1588 1351 1638 fistantur
1389 1589 1445 1637 ad
1484 1588 1877 1701 apperceiptionem
1917 1606 2068 1638 coram
2111 1591 2320 1652 sensibus,

328 1655 471 1704 velim
504 1655 727 1703 adducere
759 1655 1067 1718 experientias,
1113 1670 1195 1718 per
1265 1671 1343 1703 uas
1379 1655 1538 1704 eadem
1580 1654 1659 1702 iliu
1701 1666 1854 1702 rentur
1893 1657 1942 1716 δι
1979 1657 2337 1720 confirmentur,-

329 1721 529 1778 Panno,
564 1722 689 1785 quod
723 1720 866 1768 homo
891 1719 994 1785 post
1017 1733 1214 1769 mortem
1251 1734 1288 1769 1t
1308 1719 1410 1768 suus
1432 1735 1559 1770 amor
1579 1720 1653 1767 seu
1677 1719 1751 1767 sua
1771 1720 1995 1784 voluntas.
2066 1725 2324 1783 Securum,

329 1787 459 1851 quod
497 1786 640 1835 homo
679 1799 856 1834 maneat
887 1788 933 1834 in
967 1799 1188 1834 aeternum
1210 1786 1355 1850 qualis
1378 1786 1442 1834 est
1463 1785 1615 1850 quoad
1639 1785 1765 1833 suam
1785 1786 2071 1850 voluntatem
2093 1802 2171 1837 aut
2195 1806 2324 1839 amo-

330 1869 428 1901 rem
451 1864 728 1915 regnantem.
796 1853 1030 1907 Τειιτῐο,
1064 1851 1190 1915 quod
1226 1855 1368 1900 homo
1401 1853 1448 1899 in
1471 1851 1660 1900 Coelum
1682 1853 1849 1909 veniat,
1884 1854 1959 1900 cui
1980 1868 2108 1901 amor
2129 1857 2324 1907 coelestis

331 1919 383 1967 &
412 1918 646 1984 spiritualis
679 1917 760 1974 est,
794 1932 848 1966 ac
882 1917 928 1966 in
952 1916 1191 1966 Infernum
1224 1919 1300 1967 cui
1339 1934 1469 1967 amor
1505 1934 1746 1983 corporeus
1783 1919 1834 1966 ὅτ
1872 1919 2127 1986 mtmdanus
2162 1923 2326 1988 absque

327 1984 501 2033 coelesti
535 1984 586 2033 δε
622 1984 853 2050 spirituali.
922 1985 1177 2048 Quare,
1209 1985 1339 2050 quod
1379 1984 1491 2034 fides
1530 2000 1624 2033 non
1663 1997 1841 2033 maneat
1878 1983 2134 2046 hominem,
2168 1989 2202 2036 s1
2233 2007 2326 2039 non

328 2066 388 2099 ex
410 2066 563 2099 amore
584 2049 756 2100 coelesti
779 2050 847 2100 fit.
917 2051 1157 2116 Qun-ro,
1186 2052 1321 2116 quod
1343 2066 1474 2101 amor
1494 2052 1596 2100 actu
1616 2051 1671 2100 fit
1692 2052 1773 2115 qui
1797 2062 1964 2110 manet,
1998 2054 2061 2101 ita
2083 2055 2210 2117 quod
2231 2058 2327 2106 vita

329 2116 542 2167 hominis.
1428 2174 1435 2176 ν

398 2200 511 2249 479.
547 2181 678 2247 Qod
706 2175 840 2230 homo'
853 2175 947 2245 post
977 2195 1150 2232 mortem
1171 2183 1238 2243 sit
1265 2182 1372 2247 suus
1404 2199 1540 2241 amor,
1565 2184 1643 2246 seu
1664 2179 1751 2248 sua
1781 2183 1998 2240 voluntas,
2033 2201 2059 2232 a
2082 2185 2323 2251 multiplici

333 2251 606 2314 experientia
642 2247 850 2296 testatum
892 2248 1005 2296 mihi
1045 2248 1217 2298 factum
1257 2250 1336 2298 est.
1408 2250 1686 2299 Universum
1721 2250 1910 2298 Coelum
1950 2251 2014 2297 est
2051 2251 2314 2303 distinctum

331 2317 382 2364 in
418 2317 642 2363 societates
677 2314 922 2362 secundum
955 2314 1223 2364 differentias
1258 2317 1367 2364 boni
1402 2316 1584 2373 amoris,
1619 2318 1669 2365 ὅτ,
1690 2315 1991 2380 unusquisque
2014 2317 2208 2381 spiritus,
2243 2323 2323 2384 qui

329 2382 536 2430 evehitur
569 2384 616 2428 in
637 2381 828 2429 Coelum
851 2382 900 2428 ὅτ
924 2380 977 2428 fit
1000 2382 1200 2445 angelus,
1236 2380 1378 2430 fertur
1400 2382 1455 2430 ad
1481 2381 1735 2431 societatem
1759 2382 1837 2430 ubi
1861 2398 1990 2430 amor
2024 2381 2120 2448 ejus
2155 2385 2236 2443 est,
2271 2388 2322 2436 &

323 2464 441 2495 vcum
468 2448 575 2495 illuc
598 2449 723 2494 venit
744 2446 807 2494 est
833 2447 943 2496 ficut
964 2449 1084 2510 apud
1110 2447 1170 2506 se,
1203 2464 1254 2496 ac
1276 2448 1389 2496 ficut
1412 2448 1540 2496 domi
1564 2449 1642 2496 ubi
1664 2448 1786 2512 quafi
1810 2460 1940 2496 natus
1960 2471 1975 2505 3
2011 2449 2096 2497 hoc
2131 2453 2324 2516 percipit

327 2514 534 2576 angelus,
570 2529 621 2561 ac
661 2513 722 2560 ibi
762 2513 1041 2561 consociatur
1079 2513 1143 2561 sui
1183 2515 1431 2562 similibus:
1467 2531 1574 2563 cum
1611 2516 1717 2563 inde
1752 2514 1861 2572 abit,
1894 2516 1945 2563 &
1968 2515 2057 2564 alio
2081 2518 2221 2575 venit,
2256 2518 2322 2565 est

326 2578 499 2643 jugiter
520 2578 678 2642 aliquis
702 2579 883 2634 renisus,
919 2580 968 2625 δε
990 2579 1052 2626 est
1075 2579 1254 2628 affectio
1285 2580 1490 2628 defiderii
1523 2581 1738 2629 redeundi
1774 2581 1831 2628 ad
1870 2579 1935 2628 sui
1969 2581 2146 2640 fimiles,
2181 2584 2243 2630 ita
2262 2584 2320 2631 ad

333 2646 464 2695 suurn
489 2660 688 2693 amorem
711 2656 1004 2707 regnantem:
1042 2646 1105 2693 ita
1143 2645 1260 2694 fiunt
1299 2646 1645 2695 consociationes
1681 2647 1727 2694 in
1748 2646 1926 2702 Coelo;
1962 2647 2162 2696 fimiliter
2183 2650 2229 2695 in
2252 2650 2321 2696 in-

335 2711 481 2768 ferno,
517 2711 594 2758 ubi
631 2726 816 2773 quoque
856 2709 1092 2759 consociati
1128 2711 1229 2760 sunt
1266 2712 1512 2760 secundum
1546 2728 1720 2762 amores
1760 2712 2014 2761 coelestibus
2047 2715 2316 2763 contrarios:

332 2779 459 2840 quod
492 2775 717 2826 societates
749 2776 833 2824 fint
864 2793 971 2841 quae
1000 2777 1278 2826 constituunt
1300 2778 1507 2836 Caelum,
1541 2779 1592 2828 δε
1614 2795 1800 2844 quoque
1821 2777 2087 2835 Infernum;
2121 2780 2170 2827 ὅτ
2194 2782 2322 2843 quod

327 2858 492 2892 omnes
517 2844 607 2890 illae
628 2842 848 2890 distinetae
881 2844 966 2890 fint
999 2844 1249 2892 secundum
1282 2844 1552 2893 differentias
1581 2847 1766 2901 amoris,
1798 2846 2004 2893 videatur
2025 2843 2151 2907 supra
2175 2862 2202 2892 n
2224 2865 2234 2894 :
2253 2864 2314 2905 41

327 2908 392 2956 -ad
416 2925 495 2970 50,
532 2910 582 2956 &
605 2926 665 2961 n:
693 2924 789 2956 200
811 2909 1001 2958 adam.
1070 2911 1216 2969 Quod
1255 2911 1398 2959 homo
1436 2911 1533 2975 post
1574 2924 1770 2960 mortem
1806 2911 1861 2958 fit
1893 2912 1995 2958 suus
2033 2925 2177 2966 amor,
2212 2913 2317 2960 inde

329 2989 516 3037 quoque
533 2974 731 3022 constare
746 2975 912 3037 potuit,
944 2975 1073 3038 quod
1097 2988 1208 3024 tunc
1227 2990 1543 3025 removeantur
1560 2979 1610 3024 ὅτ
1627 2977 1750 3041 quali
1764 2975 2014 3024 auferantur
2029 2976 2068 3021 ei
2085 2976 2176 3032 illa,
2212 2994 2319 3042 quae

329 3055 426 3087 non
449 3054 593 3086 unum
617 3037 787 3086 faciunt
809 3055 915 3086 curn
938 3056 1093 3090 amore
1112 3039 1206 3104 ejus
1228 3056 1455 3106 regnante,
1490 3045 1570 3106 qui
1605 3043 1751 3091 bonus
1780 3041 1859 3096 est,
1893 3041 1933 3086 ei
1956 3054 2246 3090 removentur
2264 3045 2316 3090 &

325 3106 454 3169 quasi
477 3103 737 3152 auferuntur
765 3107 917 3151 omnia
951 3106 1246 3155 discordantia
1278 3109 1350 3155 seu
1382 3109 1645 3166 diffidentia,
1681 3110 1731 3157 ὅτ.
1753 3107 1812 3154 fic
1833 3106 2096 3154 immittitur
2118 3109 2164 3154 in
2187 3124 2314 3155 amo·

331 3187 427 3219 rem
453 3170 614 3226 suurn;
651 3170 850 3218 fimiliter
872 3171 1033 3228 malus,
1070 3172 1140 3221 sed
1181 3190 1288 3221 cum
1327 3174 1582 3224 differentia
1617 3172 1744 3237 quod
1779 3171 1884 3218 huic
1919 3170 2171 3221 auferantur
2191 3190 2312 3233 vera,

327 3253 381 3288 ac
405 3238 530 3302 quod
556 3237 676 3287 bono
698 3234 947 3285 auferantur
970 3237 1086 3298 falsa,
1122 3239 1261 3305 usque
1285 3241 1468 3292 tandem
1492 3251 1544 3290 ut
1565 3237 1751 3305 quisque
1785 3237 1865 3288 fiat
1895 3236 1998 3287 suus
2030 3254 2194 3298 amm-3
2227 3240 2316 3353 brivio

2301 3316 2320 3353 t
