2546 3786
341 249 465 328 198
639 248 755 308 DE
821 241 1184 305 coELo
1244 227 1340 306 m
1398 239 1982 306 INFERN0·.

332 372 504 419 bonum
529 372 620 431 (k).
690 371 766 417 Ex
805 368 869 416 his
906 385 1088 432 quoque
1126 364 1320 416 constare
1358 369 1518 432 potest,
1554 369 1666 433 quid
1705 369 1966 432 intelligitur
2006 386 2085 435 per
2107 372 2306 425 Librum

334 440 443 485 vitae
467 437 677 492 hominis,
713 437 767 481 de
790 451 885 498 quo
915 437 962 482 in
983 434 1154 490 Verbo,
1187 434 1314 496 quod
1337 450 1500 498 nempe
1519 435 1589 491 sit,
1619 435 1743 498 quod
1768 437 1921 482 omnia
1941 448 2035 483 tam
2055 438 2150 485 afta
2170 455 2309 502 quam.

334 505 526 566 cogitata
563 503 647 549 toti
684 502 857 560 bomini
878 500 1084 563 inscripta
1107 499 1207 555 sint,
1242 499 1292 546 ὅτ
1314 499 1440 561 quod
1463 513 1700 563 appareant
1723 501 1833 547 ficut
1856 501 1901 547 in
1925 501 2042 549 libro
2065 502 2180 550 lecta
2199 520 2311 554 cum-

334 584 390 615 ex
427 569 640 615 memoria
671 579 931 622 evocantur,
966 567 1013 612 &
1039 565 1155 611 ficut.
1180 566 1226 611 in
1261 564 1410 626 effigie
1432 565 1539 620 visa,
1573 580 1680 612 cum
1703 564 1876 629 spiritus
1899 566 2116 630 speetatur
2139 570 2184 616 in
2209 571 2311 618 luce

335 633 473 681 Coeli.
542 634 634 680 His
671 631 858 693 adjicere
894 631 1031 678 velirn
1073 631 1240 694 aliquid
1281 630 1570 676 memorabile
1608 630 1664 676 de
1710 633 1926 679 memoria
1970 633 2166 682 hominis
2209 636 2313 698 post

327 712 530 752 ,mortem
554 711 825 753 remanente,
861 713 940 759 per
962 697 1087 761 quod
1121 696 1414 743 confirmatus
1451 694 1566 751 sum,
1602 695 1726 757 quod
1751 710 1841 743 non
1865 698 2005 745 modo
2027 704 2308 759 communia,
2371 701 2373 703 ’

335 763 408 811 sed
454 767 588 810 etiam
634 763 982 826 singulariffima,
1040 777 1147 826 quae
1200 762 1466 808 memoriam
1521 762 1816 817 intraverunt,
1868 777 2168 824 permaneant,
2226 783 2310 816 nec

336 829 523 892 usquam
557 829 881 884 obliterentur·,
917 828 998 875 vis1
1023 828 1132 875 mihi
1157 826 1258 875 sunt
1280 827 1380 874 libri
1404 842 1510 874 cum
1535 825 1760 890 scripturis
1778 824 1893 873 'inibi
1913 827 2024 876 ficut
2046 832 2091 876 in
2118 833 2315 891 mundo,

334 894 385 942 &
410 894 645 942 instruetus
670 895 784 950 sum,
819 895 945 958 quod
967 895 1051 942 sint
1073 909 1132 942 ex
1158 893 1375 940 memoria
1406 907 1563 940 eorum
1602 893 1682 955 qui
1719 891 1995 955 scripserunt,
2030 896 2079 942 ὅτ
2101 899 2227 960 quod
2250 900 2313 946 ibi

336 977 427 1008 non
452 961 595 1024 aliqua
617 976 710 1008 vox
745 961 871 1017 defit,
906 976 1011 1023 quae
1034 958 1121 1007 fuit
1144 961 1189 1006 in
1215 959 1330 1005 libro
1352 959 1407 1006 ab
1429 959 1590 1006 eodem
1613 958 1777 1021 scripto
1801 961 1846 1005 in
1872 959 2044 1008 mundo
2063 981 2082 1015 ·,
2114 964 2163 1010 &
2186 966 2315 1027 quod-

335 1027 396 1072 ita
432 1043 488 1074 ex
526 1028 744 1074 memoria
781 1027 957 1073 alterius
993 1026 1200 1089 depromi
1231 1027 1394 1089 poflint
1422 1025 1632 1071 omnium
1666 1022 2018 1087 fingulariffima,
2052 1028 2184 1075 etiam
2207 1046 2319 1093 quae

334 1091 424 1154 ipse
447 1094 493 1139 in
519 1093 695 1140 mundo
713 1092 879 1140 oblitus
901 1092 993 1139 est:
1030 1090 1155 1138 causa
1193 1093 1328 1138 etiam
1369 1090 1539 1137 detesta
1576 1088 1655 1145 est,
1689 1089 1815 1157 quod
1856 1104 2020 1153 nempe
2053 1091 2227 1142 homini
2260 1096 2315 1143 fit

335 1160 552 1206 memoria
586 1171 766 1205 externa
800 1159 849 1205 δι
884 1158 1068 1212 interna,
1103 1167 1283 1202 externa
1313 1171 1418 1218 quae
1454 1155 1658 1202 naturalis
1690 1152 1785 1217 ejus
1825 1155 2036 1214 hominis,
2071 1170 2122 1204 ac
2145 1159 2312 1210 interna

331 1238 437 1286 quae
476 1223 710 1287 spiritualis
748 1220 842 1284 ejus
882 1223 1075 1269 hominis
1094 1243 1110 1276 3
1145 1222 1194 1268 δε
1218 1221 1344 1284 quod
1369 1220 1539 1283 singula
1565 1236 1672 1284 quae
1704 1221 1846 1268 homo
1877 1222 2111 1284 cogitavit,
2148 1226 2316 1284 voluit,

333 1289 547 1351 loquutus
582 1288 660 1344 est,
696 1285 819 1344 fecit,
853 1285 985 1334 etiam
1016 1303 1121 1351 quae
1142 1287 1317 1351 audivit
1339 1288 1385 1334 δε
1411 1287 1543 1343 vidit,
1581 1288 1814 1334 memoriae
1853 1288 2038 1334 internae
2076 1288 2148 1335 seu
2187 1290 2318 1355 spiri-

333 1354 440 1400 tuali
463 1352 555 1416 ejus
580 1353 788 1417 inscripta
810 1353 894 1401 sint
919 1354 984 1412 (l)
1005 1375 1018 1408 3
1055 1356 1103 1403 δε
1126 1353 1253 1416 quod
1277 1352 1351 1399 illa
1373 1368 1479 1416 quae
1502 1353 1564 1400 ibi
1587 1351 1803 1415 nusquam
1828 1352 2071 1411 deleantur,
2095 1358 2315 1418 quoniam

332 1419 466 1466 fimul
502 1418 710 1483 inscripta
743 1418 845 1466 sunt
876 1419 956 1482 ipfi
989 1419 1175 1482 spiritui,
1211 1419 1260 1465 ὅτ
1284 1416 1379 1482 ejus
1411 1420 1610 1481 corporis
1645 1418 1877 1474 membris,
1912 1431 1964 1466 ut
1987 1417 2114 1483 supra
2135 1422 2317 1471 dietum!

330 1484 427 1540 est3
462 1485 511 1532 ὅτ
547 1485 604 1532 fic
637 1486 761 1548 quod
802 1484 979 1548 spiritus
1018 1483 1262 1531 secundum
1304 1484 1501 1547 cogitata
1521 1485 1571 1531 δε
1594 1485 1690 1531 aeta
1714 1484 1805 1531 suae
1825 1484 2070 1532 voluntatis
2092 1484 2315 1536 formatus

331 1550 414 1598 fit:
452 1549 540 1598 scio
579 1551 704 1614 quod
740 1551 839 1598 haec
874 1564 925 1598 ut
957 1551 1175 1614 paradoxa
1199 1562 1451 1613 appareant,
1488 1550 1664 1597 &inde
1688 1550 1766 1596 vix
1789 1551 2041 1608 credantur,
2076 1550 2150 1598 sed
2174 1555 2313 1616 usque

312 1631 436 1663 ·vera
458 1615 573 1663 sunt.
643 1617 717 1663 Ne
742 1619 887 1679 itaque
910 1617 1068 1663 credat·
1085 1617 1240 1672 horno,
1275 1615 1400 1678 quod
1426 1615 1595 1678 aliquid
1618 1615 1688 1671 sit,
1722 1615 1846 1677 quod
1881 1616 2023 1663 homo
2052 1618 2097 1664 in
2121 1616 2162 1665 se
2183 1622 2315 1681 cogi·

332 1684 458 1737 tavit,
493 1682 542 1728 ὅτ
566 1683 611 1727 in
634 1683 893 1729 abscondito
916 1682 1038 1738 fecit,
1074 1680 1174 1743 post
1209 1693 1403 1728 mortem
1440 1679 1603 1736 lateat3
1640 1680 1712 1727 sed
1737 1681 1909 1737 credat,
1939 1683 2064 1744 quod
2087 1685 2313 1733 omnia&

329 1746 504 1809 singula
527 1760 636 1794 tunc
662 1760 712 1794 ut
736 1750 781 1795 in
805 1747 924 1794 claro
943 1746 1015 1794 die
1036 1758 1224 1810 pateant.
1974 1744 1985 1750 ’

393 1814 504 1874 464.
543 1813 744 1859 Tametsi
772 1813 992 1859 Memoria
1028 1825 1207 1859 externa
1246 1812 1318 1858 seu
1358 1810 1568 1858 naturalis
1609 1810 1718 1858 inest
1750 1811 1925 1859 homini
1959 1811 2059 1875 post
2095 1826 2317 1874 mortem,

330 1878 466 1940 usque
502 1891 652 1924 tamen
690 1894 810 1925 mere
849 1877 1081 1933 naturalia,
1112 1892 1218 1940 quae
1255 1877 1362 1923 inibi
1402 1876 1518 1931 sunt,
1559 1891 1650 1922 non
1691 1877 2051 1939 reproducuntur
2090 1880 2135 1926 in
2175 1880 2316 1929 altera

328 1945 436 1998 vita,
473 1942 543 1990 sed
568 1942 802 2006 spiritualia
825 1959 931 2006 quae
954 1943 1224 1990 naturalibus
1249 1958 1327 2006 per
1356 1941 1761 2005 correspondentias
1793 1940 2001 2004 adjunsta
2035 1942 2168 2000 sunt,
2204 1961 2319 2008 quae

327 2021 476 2056 tamen
522 2013 629 2056 cum
669 2009 879 2056 sistuntur
916 2010 971 2055 ad
1008 2008 1172 2064 visum,
1220 2025 1310 2072 app
1357 2020 1434 2055 ent
1477 2009 1522 2054 in
1569 2006 1716 2054 forma
1760 2008 1938 2072 prorsus
1976 2008 2131 2065 simili,
2169 2024 2221 2058 ut
2261 2013 2316 2060 in=

328 2075 514 2122 naturali
541 2076 744 2134 mundo3
779 2091 885 2123 narn
921 2076 1074 2122 omnia
1112 2089 1219 2137 quae
1255 2076 1301 2120 in
1369 2074 1470 2121 oelis
1502 2087 1731 2136 apparent,
1767 2075 1966 2121 similiter
1989 2087 2040 2122 ut
2062 2075 2108 2121 in
2134 2078 2317 2124 mundos

2076 2155 2315 2203 apparent,

384 2293 457 2350 (k)
486 2292 609 2347 Qod
639 2294 765 2335 bonus
792 2296 932 2343 homo,
965 2295 1116 2348 spiritus
1136 2293 1174 2336 &
1197 2294 1376 2350 Angelus
1408 2293 1455 2335 fit
1487 2295 1601 2335 suum
1636 2293 1789 2334 bonum
1823 2293 1867 2335 δι.
1896 2294 2016 2335 suum·
2039 2308 2209 2346 verum,
2230 2296 2313 2339 hoe

326 2351 397 2401 est,
430 2354 533 2405 quod
571 2361 676 2392 totus
710 2350 756 2393 fit
787 2353 902 2406 quale
936 2352 1019 2407 ejus
1053 2352 1204 2394 bonurn
1235 2352 1273 2394 &
1306 2366 1465 2400 verum,
1497 2366 1550 2393 n:
1578 2351 1728 2407 10298.
1749 2351 1902 2408 10367.
1961 2350 2089 2392 Causa
2109 2352 2181 2402 est,
2214 2354 2307 2407 quia

327 2410 479 2450 bonum
501 2410 594 2449 facit
613 2408 877 2454 voluntatem,
911 2410 950 2451 &
972 2424 1112 2451 verum
1132 2410 1398 2458 intelleffium,
1431 2423 1478 2451 ae
1500 2410 1683 2450 voluntas
1701 2409 1741 2450 &
1763 2407 1985 2450 intellefius
2007 2409 2159 2452 faciunt
2183 2424 2310 2456 omne

322 2467 418 2506 vitae
439 2467 542 2519 apud
561 2466 784 2516 hominem,
816 2466 1013 2521 spiritum,
1030 2468 1070 2509 &
1091 2467 1298 2522 angelum,
1330 2481 1382 2508 n:
1404 2480 1531 2524 3332.
1555 2468 1681 2523 3623.
1702 2466 1832 2521 6065.
1890 2465 2027 2508 Simile
2046 2465 2120 2518 est,
2150 2465 2180 2509 si
2199 2468 2307 2511 dieas-

326 2524 431 2578 quod
454 2525 588 2574 homo,
619 2524 792 2576 spiritus,
823 2524 862 2566 &
885 2526 1047 2579 angelus
1066 2524 1114 2565 fit
1132 2526 1220 2566 suus
1239 2539 1370 2574 amor,
1402 2539 1430 2566 n
1449 2540 1459 2566 :
1480 2525 1611 2581 6872.
1631 2536 1782 2582 10177.
1808 2523 1963 2576 10284.

384 2580 446 2635 (l)
477 2578 599 2634 Qod
628 2582 731 2621 binae
752 2581 966 2625 Memoriae
995 2583 1148 2623 homini
1179 2581 1272 2633 sint,
1302 2583 1473 2624 exterior
1493 2582 1533 2624 δε
1554 2582 1736 2631 interior,
1770 2581 1834 2622 seu
1856 2580 2043 2623 naturalis
2063 2581 2102 2624 c&
2124 2581 2301 2636 spiritua—

324 2637 388 2687 lis,
421 2652 448 2679 n
471 2652 480 2679 :
505 2638 616 2693 2469
636 2638 683 2678 ad
705 2651 831 2694 2494.
884 2637 1008 2691 Qod
1029 2638 1153 2680 homo
1179 2652 1261 2680 non
1290 2640 1383 2689 sciat
1407 2639 1513 2694 quod
1543 2640 1578 2680 ei
1598 2638 1804 2680 Memoria
1821 2638 1985 2680 interior
2005 2637 2069 2688 fit,
2102 2651 2300 2696 11:2470.

328 2708 452 2752 2471.
495 2693 708 2746 Quantum
729 2696 921 2737 memoria
943 2696 1106 2738 interior
1126 2697 1293 2738 excellet
1311 2697 1515 2746 exteriori,
1547 2709 1600 2737 n:
1623 2709 1703 2752 247
1709 2708 1749 2751 3.
1796 2693 1920 2745 Quod
1940 2709 2030 2750 quae
2048 2697 2090 2738 in
2108 2698 2301 2739 memoria

325 2754 520 2794 exteriore
540 2754 644 2803 sunt,
677 2754 716 2794 in
749 2753 838 2794 luce
870 2754 1013 2796 mundi
1042 2751 1134 2804 fint,
1164 2768 1254 2808 quae
1285 2764 1419 2795 autem
1454 2755 1495 2794 in
1529 2754 1733 2802 interiore,
1766 2752 1807 2793 in
1828 2753 1918 2794 luce
1937 2753 2063 2803 Coeli,
2093 2765 2299 2808 11:5212.

326 2809 447 2862 Quod
471 2824 520 2851 ex
538 2810 733 2852 memoria
751 2810 936 2852 interiore
956 2810 1019 2860 fit,
1049 2811 1157 2867 quod
1184 2813 1307 2853 homo
1330 2811 1653 2853 intelleetualiter
1673 2810 1712 2853 &
1731 2810 1975 2852 rationaliter
1995 2810 2107 2864 poffit
2125 2812 2302 2865 cogitare

325 2866 364 2906 δι
384 2866 508 2920 loqui,
539 2881 567 2907 n
591 2882 599 2906 ε
620 2880 748 2924 9394.
810 2867 936 2922 Qud·
964 2870 1099 2910 omnia
1129 2868 1168 2910 &
1198 2868 1347 2923 fingula
1371 2884 1462 2924 quae
1488 2870 1612 2910 homo
1639 2868 1846 2924 cogitavit,
1873 2867 2064 2923 *loquutus
2095 2865 2166 2916 est,
2198 2869 2298 2922 egit,

325 2922 364 2963 ἐξ
397 2936 487 2976 quae
507 2923 604 2964 vidit
635 2925 673 2964 &
703 2924 869 2973 audivit,
902 2926 1085 2979 inscripta
1114 2925 1189 2967 fint
1215 2928 1425 2967 memoriae
1454 2927 1650 2975 interiori,
1683 2938 1879 2983 n22474.
1899 2923 2024 2981 7398.
2084 2923 2208 2977 Qod
2230 2926 2296 2969 illa

263 3003 265 3005 v
325 2980 518 3022 memoria
535 2979 581 3019 sit
601 2980 720 3022 Liber
740 2981 834 3022 vitae
851 2980 951 3036 ejus,
984 2996 1009 3023 n
1031 2995 1043 3024 ε
1064 2995 1189 3038 2474.
1206 2983 1332 3039 9386.
1349 2984 1477 3039 9841.
1496 2996 1546 3025 10
1550 2996 1604 3038 50
1608 2995 1648 3038 5.
1679 2981 1801 3037 Qod
1830 2983 1871 3024 in
1894 2980 2090 3022 memoria
2110 2981 2298 3026 interiore

324 3036 398 3078 sint
430 3050 520 3077 vera
551 3049 639 3088 quae
669 3037 772 3077 fana
803 3039 893 3086 sunt
927 3038 1034 3088 fidei,
1067 3039 1106 3080 &
1128 3044 1229 3083 bona
1251 3054 1338 3093 quae
1359 3042 1458 3082 fadia
1479 3042 1641 3090 amoris,
1670 3055 1724 3082 n:
1746 3049 1871 3095 5212.
1894 3036 2020 3094 8067.
2080 3037 2204 3087 Quod
2230 3040 2296 3083 illa

323 3107 412 3147 quae
433 3093 648 3133 induerunt
668 3093 866 3142 habitum,
899 3094 937 3136 &
957 3096 1058 3137 faeta
1078 3097 1167 3137 sunt
1185 3098 1295 3146 vitae,
1327 3097 1367 3139 &
1387 3113 1455 3150 per
1475 3099 1513 3139 id
1546 3098 1751 3140 obliterata
1780 3095 1821 3134 in
1854 3095 2046 3135 memoria
2077 3098 2294 3149 exteriore,

323 3151 398 3194 sint
432 3151 474 3190 in
507 3150 703 3191 memoria
738 3151 939 3203 interiore,
971 3167 999 3194 n
1022 3167 1031 3193 :
1052 3166 1180 3210 9394.
1201 3167 1329 3210 9723.
1353 3156 1481 3210 9841.
1540 3154 1666 3208 Qod
1681 3151 1833 3205 spiritus
1854 3151 1893 3192 δε
1914 3151 2058 3207 Angeli
2079 3150 2294 3208 loquantur

321 3222 373 3248 ex
403 3209 596 3249 memoria
633 3207 836 3258 interiore,
875 3209 914 3250 &
946 3211 1052 3264 quod
1092 3212 1180 3252 inde
1210 3213 1284 3253 illis
1314 3209 1474 3267 Lingua
1507 3208 1743 3258 universalis,
1787 3222 1843 3249 n:
1867 3221 1993 3264 2472.
2016 3211 2142 3267 2476.
2165 3224 2293 3269 2490·

322 3278 450 3322 2493.
510 3262 633 3319 Qod
656 3264 804 3321 linguae
821 3265 863 3309 in
881 3268 1032 3311 mundo
1051 3267 1127 3311 sint
1145 3269 1353 3312 memoriae
1371 3268 1593 3317 exterioris,
1625 3281 1653 3308 n
1674 3278 1684 3307 ε
1705 3277 1829 3322 2472.
1849 3265 1977 3322 2476.
