2546 3786
606 249 734 313 ΠΕ
790 247 1174 313 COELQ
1225 246 1986 317 wINFERNO.
2166 274 2300 344 207

310 380 366 429 fit
388 395 496 430 cum
523 378 668 430 homo
699 381 886 447 spiritus
912 369 1176 446 &utitur
1210 377 1257 426 in
1296 380 1480 428 tertium
1517 378 1700 438 statum,
1734 383 1793 431 de
1811 397 1907 448 quo
1930 384 1978 432 in
2000 381 2301 449 sequentibus·

305 448 430 495 Cum
455 448 542 496 hoc
565 446 738 496 factum
763 447 970 504 estsstunc
990 441 1152 492 faciem
1176 444 1299 493 suam
1323 448 1547 494 convertit
1568 446 1820 496 constanter
1840 450 1895 497 ad
1919 450 2051 499 suum
2073 467 2297 509 amorem,

303 530 444 576 quem
479 516 691 563 continue
723 524 824 562 anoe
857 508 1014 558 oculos
1049 511 1199 567 habet,
1235 525 1464 576 utcunque
1498 513 1540 561 se
1576 515 1903 572 circumvertit,
1937 516 2144 564 videatur
2166 518 2298 580 supra

304 596 335 626 n
355 598 366 627 ε
393 595 445 629 12
454 597 495 644 3.
522 596 626 639 124.
681 580 855 629 omnes
873 577 1065 640 Spiritus
1087 578 1268 640 possunt
1287 579 1413 636 duci,
1441 595 1715 644 quocunque
1739 580 1864 638 libet,
1890 582 2043 630 modo
2066 595 2297 631 teneantur

300 645 348 693 in
375 646 454 694 suo
476 661 633 694 amore·
659 655 888 706 regnante,
923 659 1005 691 nec
1041 643 1222 708 poffunt
1256 644 1463 702 refistere,
1498 657 1732 710 utcunque
1771 647 1913 694 sciunt
1946 647 2073 711 quod
2104 650 2164 696 ita
2197 649 2294 706 fiat,

301 727 354 760 ac
377 715 583 776 cogitant
597 709 724 770 quod
749 708 928 757 renisuri
950 708 1069 766 fint;
1106 710 1270 773 pluries
1294 722 1516 759 tentatum
1541 711 1621 770 est,
1657 728 1770 760 num
1794 726 1949 761 contra
1969 714 2099 762 illum
2123 715 2296 779 aliquid

300 794 430 841 agere
464 776 651 842 possent,
687 775 761 822 sed
797 774 1044 831 incaffum3
1080 792 1209 824 amor
1231 776 1415 824 illorum
1436 777 1498 825 est
1524 778 1637 825 ficut
1659 779 1895 827 vinculum
1919 793 1998 828 aut
2019 779 2132 829 ficut
2155 780 2293 838 funis,

299 860 396 908 quo
427 841 549 905 quali
585 841 890 905 circumligati
927 841 1046 898 sunt,
1080 857 1161 905 per
1195 857 1334 905 quem
1374 843 1487 890 trahi
1525 845 1720 907 pofl‘unt,
1756 846 1806 893 δε
1831 862 1856 893 a
1878 862 1975 909 quo
1998 845 2039 894 se
2062 847 2294 895 exsolvere

296 919 553 972 nequeunt:
589 907 733 956 fim‘ile
755 908 808 956 fit
829 923 937 956 cum
963 907 1222 956 hominibus
1245 909 1292 954 in
1316 909 1508 964 mundO,
1542 925 1658 972 quos
1691 911 1827 958 etiarn
1860 926 1988 959 amor
2019 912 2122 961 suus
2146 914 2293 970 ducit,

297 976 347 1024 &
370 990 451 1038 per
484 989 684 1021 amorem
725 975 855 1035 suum
893 974 951 1021 ab
986 974 1081 1022 aliis
1120 974 1381 1030 ducuntur;
1416 974 1520 1039 plus
1542 989 1652 1022 vero
1685 991 1793 1023 cum
1818 976 1935 1024 fiunt
1955 977 2150 1041 spiritus,
2186 980 2294 1044 quia

295 1054 406 1088 tunc
430 1057 520 1087 non
546 1041 652 1088 licet
673 1040 813 1089 alium
836 1056 1036 1088 amorem
1060 1040 1117 1088 ad
1138 1040 1440 1106 apparentiam
1464 1039 1692 1104 praeferre,
1728 1057 1780 1089 ac
1810 1044 1990 1090 mentiri
2019 1061 2111 1093 non
2141 1045 2289 1094 suum.

296 1107 442 1169 Qod
469 1106 644 1171 spiritus
668 1107 866 1155 hominis
887 1107 940 1155 fit
963 1106 1064 1154 suus
1087 1122 1217 1155 amor
1239 1123 1446 1171 regnam,
1480 1106 1787 1155 manifestatur
1822 1108 1868 1155 in
1904 1110 2032 1157 omni
2066 1112 2291 1160 consortio

293 1173 340 1221 in
365 1174 497 1220 altera
519 1176 628 1230 vita,
661 1185 883 1237 quantum
907 1174 1029 1221 enim
1053 1174 1156 1237 quis
1179 1175 1273 1237 agit
1299 1175 1349 1222 ὅτ
1369 1173 1571 1238 loquitur
1593 1173 1840 1222 secundum
1865 1190 2069 1223 amorem
2094 1178 2292 1235 alteriuS,

291 1252 469 1288 tantum
493 1241 565 1288 hic
587 1252 770 1305 apparet
785 1251 925 1297 totus,
950 1238 1063 1288 facie
1081 1240 1228 1305 plena,
1247 1240 1393 1298 hilari,
1419 1241 1522 1288 viva
1543 1263 1558 1297 3
1594 1254 1639 1289 at
1662 1253 1884 1305 quantum
1909 1243 2014 1304 quis
2034 1243 2128 1306 agit
2149 1244 2199 1291 &
2222 1243 2291 1291 lo·

290 1308 447 1370 quitur
479 1318 634 1354 contra
668 1321 873 1355 amorem
909 1304 1021 1371 ejus,
1057 1318 1238 1355 tantum
1261 1305 1581 1371 incipit=facies
1604 1306 1701 1370 ejus
1723 1310 1907 1366 mutari,
1954 1308 2192 1367 obscurari,
2238 1311 2290 1358 δε

296 1387 389 1420 non
413 1388 638 1437 apparere,
673 1373 723 1420 &
747 1373 930 1421 tandem
955 1385 1078 1422 totus
1102 1373 1179 1421 dis
1226 1386 1347 1422 ratur
1368 1373 1482 1421 ficut
1504 1390 1596 1421 non
1620 1374 1682 1421 ibi
1706 1372 1881 1429 fuifl‘et3
1927 1375 2054 1439 quod
2093 1377 2156 1423 ita
2192 1375 2288 1433 fiat,

292 1441 482 1487 miratus
504 1439 603 1487 sum
628 1439 806 1503 saepius,
841 1440 947 1504 quia
969 1440 1053 1487 tale
1074 1389 1302 1503 quicimnon
1325 1439 1508 1488 existere
1529 1440 1675 1503 potest
1698 1441 1742 1487 in
1770 1440 1977 1497 mundo,
2013 1442 2087 1489 sed
2111 1442 2290 1490 dictum

290 1504 372 1562 est,
406 1506 534 1569 quod
557 1506 699 1553 fimile
720 1507 797 1554 fiat
825 1522 933 1554 cum
968 1506 1124 1570 spiritu
1161 1507 1208 1553 in
1242 1506 1445 1563 homine,
1481 1508 1561 1570 qui
1586 1523 1694 1554 cum
1719 1506 1762 1554 se
1784 1507 1947 1555 avertit
1970 1507 2028 1554 ab
2049 1508 2155 1565 alio,
2193 1525 2291 1557 non

289 1572 486 1635 amplius
507 1572 638 1620 estin
663 1572 902 1636 conspestu
936 1570 1045 1636 ejus.
1116 1572 1262 1636 Qod
1298 1571 1479 1636 spiritus
1513 1572 1566 1620 fit
1601 1573 1702 1620 suus
1741 1588 1870 1620 amor
1909 1588 2117 1636 regnans,
2151 1577 2287 1623 etiam

290 1638 439 1701 patuit
473 1654 530 1685 cx
563 1653 636 1695 eo,
670 1639 798 1701 quod
822 1637 1123 1711 unusquisque
1146 1638 1324 1701 spiritus
1347 1639 1526 1701 arripiat
1548 1639 1701 1686 omnia
1719 1639 1768 1686 δε
1792 1638 1874 1685 fibi
1897 1642 2158 1703 appropriet
2179 1657 2292 1704 quae

289 1706 568 1752 conveniunt
601 1705 747 1751 amori
781 1701 893 1768 ejus,
928 1720 979 1752 ac
1003 1704 1171 1768 rejiciat
1193 1704 1350 1751 omnia
1370 1705 1419 1751 δι
1452 1720 1481 1752 a
1513 1703 1555 1751 se
1593 1703 1808 1752 abalienet
1844 1720 1950 1768 quae
1989 1721 2081 1753 non
2120 1721 2287 1755 conve-

289 1771 422 1819 niunt
441 1792 457 1827 3
489 1769 557 1818 est
575 1767 771 1833 cujusvis
793 1786 922 1819 amor
944 1770 1058 1818 ficut
1079 1770 1259 1833 lignum
1284 1769 1576 1834 spongiosum
1599 1786 1651 1818 ac
1675 1769 1910 1834 porosum,
1945 1772 2073 1834 quod
2104 1773 2288 1821 imbibit

287 1836 396 1886 tales
435 1837 646 1900 liquores,
680 1837 762 1899 qui
800 1837 1075 1898 vegetationi
1113 1837 1206 1883 fuae
1240 1836 1521 1898 conducunt,
1568 1851 1620 1884 ac
1658 1848 1846 1884 caeteros
1883 1837 2092 1901 repellit;
2139 1840 2190 1887 &
2223 1839 2289 1887 est

287 1904 404 1951 ficut
426 1903 632 1951 animalia
653 1903 803 1950 omnis
827 1903 1028 1967 generis„
1055 1916 1164 1966 quae
1186 1901 1301 1950 escas
1334 1901 1429 1950 filas
1452 1913 1637 1959 norunt,
1672 1918 1724 1950 ac
1746 1913 1965 1967 appetunt
1985 1919 2094 1968 quae
2114 1917 2287 1953 naturae
2348 1923 2350 1926 ·

288 1968 381 2019 suae
428 1969 723 2026 concordant,
769 1984 821 2017 ac
864 1967 1119 2017 aversantur
1160 1982 1272 2032 quae·
1311 1967 1598 2025 discordant3
1648 1968 1948 2033 unusquilqtre
1990 1971 2112 2018 enim
2157 1985 2293 2020 amor

285 2036 448 2085 nutriri
480 2037 583 2083 vult
622 2052 650 2082 a
688 2035 790 2092 suis,
827 2050 957 2083 amor
991 2034 1138 2083 malus
1177 2051 1203 2082 a
1237 2033 1369 2092 falsis,
1403 2036 1453 2083 ὅτ
1477 2050 1606 2083 amor
1638 2034 1785 2083 bonus
1819 2051 1845 2083 a
1867 2036 1984 2084 veris
2004 2054 2021 2084 z
2053 2036 2293 2101 aliquoties

286 2104 445 2151 videre
479 2102 640 2150 datum
679 2100 760 2165 est,
794 2101 922 2164 quod
955 2101 1144 2165 quidam
1185 2101 1408 2165 simplices
1449 2102 1556 2148 boni
1580 2100 1807 2149 voluerint
1845 2102 1892 2148 in
1914 2102 2032 2149 veris
2066 2104 2118 2151 &
2155 2103 2293 2153 bonis

287 2169 501 2217 instruere
521 2169 682 2224 malos,
715 2166 790 2215 sed
823 2167 954 2232 quod·
993 2167 1040 2214 hi
1075 2166 1134 2214 ad
1168 2166 1507 2217 instruffionem
1547 2167 1684 2231 longe
1715 2166 1989 2231 aufugerint,
2023 2169 2074 2216 δε
2095 2171 2288 2218 eumad

288 2234 396 2282 suos
427 2246 661 2291 venerunt,
709 2235 974 2297 arripuerint
1012 2232 1115 2281 falsa
1152 2234 1463 2282 convenientia
1501 2236 1646 2282 amori
1687 2234 1834 2282 multa
1866 2234 2133 2298 voluptate:
2183 2246 2291 2283 tum

288 2318 472 2366 quoque
494 2302 621 2363 quod
643 2300 827 2363 spiritus
851 2300 957 2348 boni
980 2301 1095 2348 inter
1116 2300 1157 2346 se
1187 2299 1367 2363 loquuti
1395 2301 1481 2349 fint
1503 2302 1561 2348 de
1583 2302 1719 2358 veris,
1755 2317 1861 2364 quae
1901 2300 2144 2364 praesentes'
2177 2301 2292 2350 boni

289 2384 396 2415 cum
421 2367 643 2415 defiderio-
661 2367 945 2424 audiverunt,
981 2380 1028 2414 at
1049 2365 1175 2430 quod
1201 2366 1307 2413 mali
1338 2367 1472 2414 etiam
1508 2367 1744 2430 praesentes
1774 2367 1830 2414 ad
1863 2367 1972 2414 nihil
1996 2368 2290 2426 attenderint,

286 2435 400 2481 ficut
437 2433 565 2497 quod
606 2448 697 2479 non
730 2432 995 2480 audiverint.
1069 2436 1305 2496 Apparent
1343 2434 1389 2481 in
1427 2434 1614 2481 Mundo
1651 2433 1889 2498 spirituum
1924 2435 2031 2490 viae,
2067 2434 2283 2497 quaedam
2348 2492 2350 2494 Ι

286 2501 462 2548 ducunt
498 2500 553 2546 ad
592 2498 801 2554 coelum,
849 2501 1066 2563 quaedam
1102 2498 1159 2545 ad
1196 2496 1444 2557 Infernum,
1498 2513 1647 2564 unaqu
1725 2500 1760 2546 is
1805 2499 1860 2547 ad
1906 2499 2101 2562 aliquam
2148 2501 2291 2548 socie«

280 2579 464 2621 tatem3
499 2566 607 2613 boni
642 2564 818 2629 spiritus
855 2581 944 2612 non
976 2566 1079 2612 alias
1104 2565 1199 2611 vias
1219 2579 1345 2622 eunt,
1381 2581 1519 2630 quarn
1556 2581 1664 2630 quae
1731 2577 1873 2613 ucunt
1907 2566 1963 2613 ad
1987 2566 2203 2623 Coelum,
2231 2568 2283 2615 δε

290 2635 348 2681 ad
372 2633 622 2680 societatem
647 2647 752 2695 quae
776 2632 826 2678 int
845 2631 912 2678 sui·
932 2632 1091 2680 amoris
1121 2631 1243 2678 bono
1264 2630 1344 2689 est,
1380 2648 1430 2680 ac
1454 2633 1546 2680 vias
1581 2633 1667 2680 alio
1705 2633 1936 2680 tendentes
1976 2648 2066 2680 non
2091 2633 2278 2689 vident,

286 2711 332 2746 at
367 2699 472 2747 mali
512 2696 689 2761 spiritus
730 2712 822 2744 non
859 2698 964 2746 alias
987 2700 1081 2745 vias
1118 2709 1243 2754 eunt,
1278 2713 1416 2761 quam
1451 2715 1558 2762 quae
1580 2699 1758 2746 ducunt
1780 2695 2110 2754 adlnfernum,
2146 2701 2196 2746 ὅτ
2220 2699 2279 2746 ad

291 2765 413 2813 iliam
452 2765 514 2813 ibi
554 2764 824 2820 societatem,
859 2780 966 2827 quae
1000 2765 1046 2810 in
1085 2762 1151 2810 sui
1189 2767 1354 2812 amoris
1395 2764 1516 2812 malo
1554 2765 1633 2821 est,
1671 2765 1762 2811 vias
1801 2763 1890 2810 alio
1923 2764 2154 2811 tendentes
2188 2779 2284 2814 non·

290 2830 484 2887 videnu
515 2832 564 2879 &
590 2832 620 2878 fi
646 2830 822 2885 vident,
857 2829 995 2893 usque
1033 2845 1124 2876 non
1155 2829 1317 2876 volunt
1346 2831 1423 2877 ire.
1493 2830 1628 2877 Tales
1660 2831 1753 2877 viae
1786 2831 1832 2877 in
1856 2830 2043 2877 Mundo
2067 2830 2285 2893 spirituali

290 2896 392 2943 sunt
413 2898 683 2959 apparentiae
703 2895 852 2952 reales,
888 2912 995 2960 quae
1017 2894 1363 2958 correspondent
1385 2896 1500 2944 veris
1533 2909 1610 2944 aut
1642 2894 1788 2952 falfis,
1823 2909 2098 2960 quapropter
2120 2897 2209 2944 viae
2231 2899 2282 2945 inv

291 2961 810 3028 Verbo-illaefignificant
835 2963 930 3024 (p).
999 2962 1076 3010 Ex
1113 2963 1180 3009 his
1218 2964 1504 3026 experientiae
1537 2963 1824 3026 documentis
1856 2961 2123 3010 confirmata
2157 2961 2281 3021 sunt,

1716 3044 1726 3049 ’
2169 3045 2277 3093 quae

353 3192 423 3247 (p)
454 3187 579 3241 Qod
601 3188 681 3236 via,
711 3188 860 3241 semita,
895 3191 1040 3240 orbita,
1071 3189 1198 3238 vicus,
1230 3188 1356 3242 platea
1375 3186 1599 3243 significent
1620 3200 1729 3238 vera,
1750 3203 1840 3243 quae
1860 3188 2013 3230 ducunt
2033 3189 2079 3230 ad
2103 3188 2272 3237 bonum,

296 3259 339 3292 ut
361 3250 398 3292 &
419 3248 509 3290 falsa
527 3260 617 3301 quae
637 3246 790 3289 ducunt
810 3249 858 3289 ad
879 3249 1048 3302 malum,
1077 3262 1105 3290 n
1125 3261 1133 3289 :
1156 3247 1251 3303 627.
1275 3259 1401 3304 2333.
1427 3258 1578 3301 10422.
1639 3246 1811 3290 Vertere
1832 3247 1954 3297 viam,
1985 3248 2089 3301 quod
2109 3244 2161 3287 fir
2175 3258 2275 3298 prae·

1195 3327 1198 3332 .
2135 3315 2273 3356 parare
