2546 3786
322 279 473 362 5264
660 277 783 340 Da
835 273 1039 339 COE
1069 275 1209 338 L‘O
1259 289 1368 338 121·
1426 271 2020 344 INFE'RNO'.

335 421 447 457 tates
491 405 736 465 infernales,
790 421 898 470 quae
941 403 1256 454 discriminatae
1310 400 1413 449 sunt
1455 398 1698 469 secusdum
1757 407 1872 456 mala
1915 406 2046 456 bonis
2090 404 2308 471 opposita:

335 472 699 538 Unumquodvis
723 473 903 520 Malum
948 468 1013 516 est
1044 468 1246 516 infinitae
1277 468 1518 523 varietatis,
1564 467 2050 538 fichtfunumquodvis
2084 474 2301 528 Bonum;

338 540 464 602 quod
489 540 548 586 ita
571 538 640 595 fit,
668 532 1066 598 anomeapiuntilli
1079 534 1169 596 qui
1193 532 1337 581 modo
1358 532 1608 596 fimplicem
1641 532 1787 581 ideam
1821 539 1874 586 de
1897 540 2152 603 unoquovis
2175 540 2307 587 Malo

341 604 523 660 habent,
561 604 673 651 sicut
699 601 757 649 de
777 601 1047 656 Contemtu,
1088 599 1146 646 de
1167 598 1423 655 Inimicitia‚
1464 597 1522 646 de
1556 597 1700 653 odio,
1739 598 1797 645 de
1816 600 2043 660 Vindifta‚
2083 606 2143 652 de
2162 605 2304 660 Dolo,

342 671 392 718 &
414 669 472 717 de
494 666 726 716 Similibus
747 666 859 723 aliis,
894 664 967 712 sed
990 663 1127 711 sciant
1146 663 1273 727 quod
1295 664 1639 726 unumquodvis
1661 678 1718 710 ex
1749 662 1837 710 illis
1868 672 2084 718 contineat
2116 681 2187 719 tot
2219 669 2308 718 dif-

337 733 539 783 ferentias
577 732 816 796 specificas,
853 731 912 779 ,δε
925 741 1004 778 tot
1039 728 1310 777 differentias
1345 730 1509 776 iterum
1547 728 1774 792 specificas
1810 726 1883 775 seu
1919 733 2216 792 particulares,
2257 748 2310 782 ut

339 815 430 848 non
472 799 657 846 sufficiat
690 798 911 845 volumen
949 795 1036 843 illis
1073 794 1418 851 enumerandis;
1470 792 1649 842 Inferna
1682 793 1784 841 sunt
1817 792 2063 843 secundum
2102 801 2307 849 differen-

339 867 422 913 tias
456 862 652 927 cujusvis
670 863 800 911 Mali
831 864 892 911 ita
927 861 1130 909 ordinate
1162 859 1390 917 distinc‘ta,
1431 871 1483 907 ut
1516 859 1627 908 nihil
1666 860 1911 908 ordinatius
1949 861 2000 907 δε
2034 860 2303 916 distinffius:

335 930 441 978 inde
463 929 661 978 constare
681 927 844 993 potest,
878 927 1006 991 quod
1029 926 1113 974 fint
1135 925 1491 982 innumerabilia,
1529 941 1842 989 unumprope
1864 923 2072 982 alterum,
2097 927 2144 974 &
2165 944 2308 979 unum

339 1007 511 1043 remote
544 995 602 1042 ab
636 996 792 1052 altero,
821 991 1076 1042 secundum
1099 990 1370 1038 differentias
1391 992 1621 1038 malorum
1635 993 1682 1038 in
1705 1006 1884 1054 genere,
1918 992 1965 1038 in
1997 990 2156 1054 specie,
2193 994 2241 1042 δε
2265 996 2311 1042 in

335 1059 601 1124 particulari.
669 1061 786 1108 Sunt
800 1068 987 1120 quoque
1009 1054 1186 1104 Inferna
1223 1055 1304 1103 sub
1326 1055 1514 1105 Infernis
1533 1078 1550 1113 ·,
1586 1055 1691 1104 sunt
1726 1057 2157 1105 communicationes
2195 1073 2308 1121 quo-

334 1126 530 1173 rundam
553 1141 633 1190 per
654 1123 876 1179 transitus,
910 1124 961 1170 &
993 1121 1094 1168 sunt
1115 1121 1548 1171 communicationes
1568 1123 1771 1186 plurium
1805 1137 1885 1186 per
1915 1118 2231 1179 exhalationeS,
2261 1123 2312 1172 δε

333 1191 618 1255 hocprorsus
639 1188 883 1236 secundum
917 1185 1147 1234 affinitates
1168 1187 1300 1235 unius
1323 1190 1498 1251 generis
1530 1188 1732 1236 &unius
1755 1187 1910 1252 speciei
1933 1187 2039 1236 mali
2061 1203 2168 1236 cum
2202 1187 2310 1236 aliis.

332 1254 698 1317 Infernarquanto
722 1267 912 1300 numero
934 1250 1052 1309 sunt,
1075 1252 1232 1300 datum
1257 1254 1371 1301 mihi
1393 1253 1457 1301 est
1479 1253 1586 1301 scire
1607 1269 1663 1302 ex
1683 1270 1755 1310 ee,
1787 1253 1913 1317 quod
1926 1253 2103 1301 interna
2125 1254 2208 1300 sint
2232 1252 2312 1301 sub

332 1322 460 1369 omni
482 1320 664 1375 Monte,
699 1317 830 1367 Colle
857 1317 907 1365 &
926 1317 1075 1375 Petra,
1113 1320 1163 1367 δι
1184 1333 1368 1382 quoque
1401 1318 1481 1367 sub
1509 1320 1636 1368 omni
1659 1319 1848 1368 Planitie
1870 1319 2080 1375 &Valle‚
2114 1319 2163 1367 &
2185 1319 2314 1382 quod

333 1386 415 1432 sub
447 1384 533 1431 illis
568 1384 610 1431 se
639 1382 881 1432 extendant
913 1383 959 1429 in
982 1382 1192 1447 longum,
1223 1384 1385 1442 latum,
1418 1386 1469 1433 ὅτ
1490 1383 1806 1450 profundum;
1851 1385 1992 1432 verbo
2031 1396 2180 1433 totum
2214 1399 2312 1431 coe-

332 1451 450 1507 lum,
482 1465 532 1497 ac
556 1461 679 1498 totus
703 1448 915 1497 Mundus
937 1447 1191 1512 spirituum,
1229 1449 1330 1497 sunt
1350 1450 1473 1513 quafi
1493 1451 1709 1513 excavati,
1745 1452 1796 1502 ὅτ
1817 1449 1898 1500 sub
1930 1450 2018 1503 illis
2039 1452 2308 1501 continuum

329 1515 579 1564 Infernum.
650 1515 774 1564 Haec
795 1515 854 1564 de
877 1513 1133 1565 Pluralitate
1154 1512 1453 1565 Infernorum.

374 1677 378 1679 ‘
444 1672 570 1771 De
603 1685 1050 1799 AEquinbrio
1095 1693 1286 1770 inter
1326 1693 1632 1774 coeium
1667 1697 1754 1774 ac
1774 1660 2191 1773 infernum.

328 1916 441 1978 589.
594 1905 781 1957 Mnium
815 1905 1120 1971 aequilibrium
1159 1904 1261 1963 erit,
1311 1917 1364 1955 ut
1409 1905 1580 1971 aliquid
1611 1905 1801 1963 existat;
1853 1905 2017 1971 absque
2054 1903 2310 1970 aequilibrio

625 1990 716 2023 non
736 1973 799 2022 est
821 1975 936 2022 actio
956 1975 1007 2023 &
1030 1972 1209 2030 metio,
1231 1988 1336 2021 nam
1359 1973 1664 2036 aequilibrium
1686 1974 1863 2021 estinter-
1884 1974 2006 2021 binas
2028 1973 2162 2029 vires,
2195 1987 2307 2035 qua-

331 2059 437 2092 rum
458 2056 548 2089 una
568 2041 665 2104 agit
698 2040 750 2090 &
786 2040 926 2088 altera
952 2041 1118 2104 reagit,
1151 2039 1278 2102 quies
1310 2055 1369 2087 ex
1398 2039 1538 2087 simili
1571 2041 1747 2103 agentia
1781 2040 1833 2088 δε
1866 2039 2090 2102 reagentia
2120 2049 2307 2086 vocatur

327 2106 673 2173 AEquilibrium.
741 2105 796 2154 In
819 2105 1008 2154 Mundo
1022 2105 1216 2154 naturali
1237 2105 1303 2152 est
1318 2105 1645 2169 AEquilibrium
1682 2107 1730 2153 in
1749 2105 1964 2154 omnibus
1995 2105 2048 2152 δε
2083 2103 2303 2167 fingulis;

328 2176 374 2222 in
399 2188 560 2238 genere
593 2173 640 2219 in
666 2170 776 2235 :ipfis
810 2171 1188 2235 Athmosphaeris,
1239 2172 1285 2218 in
1329 2173 1496 2234 quibus
1527 2170 1733 2220 inferiora
1764 2182 1975 2235 reagunt·
2001 2171 2051 2218 ὅτ
2085 2169 2304 2226 resistunt,

325 2251 549 2302 quantum
571 2236 801 2301 superiora
832 2249 975 2300 agunt
1006 2239 1056 2286 ὅτ
1087 2236 1391 2285 incumbunt:
1431 2237 1478 2285 in
1503 2237 1689 2286 Mundo
1710 2237 1895 2285 naturali
1917 2234 1983 2284 est
2002 2235 2136 2283 etiam
2160 2235 2306 2298 aequi·

326 2304 511 2352 librium
549 2305 666 2350 inter
702 2303 895 2352 calorem
927 2303 981 2351 δε
1017 2302 1179 2367 frigus,
1213 2304 1327 2350 inter
1360 2302 1509 2351 lucem
1547 2305 1598 2352 δε
1634 2303 1860 2360 umbram,
1894 2302 1943 2351 δε
1985 2302 2099 2349 inter
2135 2300 2306 2349 siccum

326 2371 376 2417 &
405 2369 669 2425 humidum,
703 2369 853 2417 media
882 2380 1179 2434 temperatura
1213 2367 1278 2416 est
1315 2368 1650 2432 aequilibrium:
1697 2369 1761 2417 est
1780 2383 1968 2433 quoque
1997 2365 2304 2430 aequilibrium

325 2435 373 2481 in
399 2435 613 2484 omnibus
651 2432 855 2496 subiectis
891 2436 1163 2498 Regnorum
1198 2434 1388 2490 Mundi,
1430 2449 1537 2497 quae
1577 2433 1680 2482 sunt
1718 2435 1817 2491 tria,
1863 2449 2028 2496 nempe
2067 2431 2300 2487 Minerale,

322 2499 602 2564 vegetabile,
625 2500 675 2547 &
699 2500 948 2557 Animale3
987 2516 1093 2548 nam
1125 2500 1288 2564 absque
1318 2499 1574 2564 aequilibrio
1611 2501 1658 2548 in
1698 2499 1784 2548 illis
1808 2499 1918 2547 nihil
1940 2497 2090 2547 existit
2122 2498 2172 2545 ὅτ,
2196 2495 2300 2545 sub-

324 2565 461 2621 fistit3
495 2564 559 2613 est
581 2564 730 2612 ubivis
751 2565 863 2613 sicut
885 2578 1070 2614 conatus
1092 2566 1149 2614 ab
1170 2581 1259 2613 una
1282 2577 1403 2628 parte
1425 2581 1562 2629 agens
1581 2565 1633 2614 ὅτ
1655 2565 1712 2614 ab
1733 2566 1868 2614 altera
1893 2579 2090 2628 reagenS.
2134 2562 2302 2611 Omnis

323 2631 555 2679 existentia
590 2629 664 2677 seu
697 2631 846 2678 omnis
878 2631 1062 2679 effeetus
1095 2631 1150 2680 fit
1183 2633 1230 2679 in
1263 2631 1531 2694 aequilibrio,
1565 2630 1638 2678 sed
1677 2631 1730 2679 fit
1763 2647 1843 2695 per
1882 2631 1929 2678 id
1963 2629 2090 2693 quod
2124 2644 2211 2676 una
2231 2627 2299 2673 vis

323 2707 429 2760 agat
450 2697 501 2744 &
523 2695 656 2743 altera
676 2697 867 2760 patiatur
885 2696 926 2744 se
949 2699 1041 2760 agi,
1080 2695 1152 2744 seu
1186 2696 1313 2760 quod
1337 2712 1425 2744 una
1455 2699 1523 2744 vis
1557 2697 1733 2760 agendo
1767 2697 1940 2754 influat,
1974 2697 2025 2744 &
2060 2694 2193 2743 altera
2229 2707 2298 2738 re-

319 2762 464 2824 cipiat
485 2763 535 2810 δε
556 2763 872 2810 convenienter
895 2762 1036 2810 cedat.
1102 2763 1155 2810 In
1179 2762 1367 2810 Mundo
1390 2762 1574 2810 naturali
1612 2763 1660 2810 id
1694 2763 1820 2826 quod
1859 2763 1954 2825 agit
1989 2763 2037 2809 &
2072 2758 2194 2824 quod
2230 2771 2296 2802 re*

325 2827 422 2888 agit
443 2839 630 2874 vocatur
651 2829 720 2874 vis
741 2828 793 2875 δε
814 2843 998 2892 quoque
1021 2841 1205 2876 conatus
1225 2850 1239 2884 ;
1279 2827 1352 2874 sed
1386 2829 1430 2874 in
1457 2828 1641 2876 Mundo
1664 2827 1875 2891 spirituali
1906 2825 1950 2874 id
1974 2827 2101 2891 quod
2131 2822 2221 2883 agit
2245 2822 2296 2867 &⁵

320 2891 454 2954 quod
477 2893 634 2955 reagit,
667 2905 859 2940 vocatur
879 2895 988 2940 Vita
1011 2895 1058 2942 &
1077 2893 1330 2954 Voluntas3
1372 2895 1464 2940 vita
1498 2894 1559 2940 ibi
1580 2893 1644 2940 est
1666 2895 1734 2941 vis
1758 2894 1881 2950 viva,
1920 2894 1968 2941 &
1994 2891 2195 2939 voluntas
2229 2885 2292 2933 est

321 2956 511 3003 conatus
534 2959 682 3014 vivus,
706 2959 756 3005 &
779 2957 925 3022 ipsum
955 2957 1259 3021 aequilibrium
1282 2970 1471 3006 vocatur
1491 2959 1710 3006 Liberum
1731 2976 1743 3007 t
1784 2958 1930 3007 existit
1951 2959 2096 3014 itaque
2118 2952 2167 2999 &
2191 2950 2293 2998 sub-

319 3020 434 3069 sistit
455 3021 782 3083 AEquilibriurn
814 3023 1033 3086 spirituale
1061 3024 1131 3071 seu
1156 3024 1396 3080 Liberum,
1430 3025 1543 3072 inter
1565 3024 1740 3072 bonum
1775 3023 1831 3071 ab
1865 3037 1951 3070 una
1981 3029 2103 3080 parte
2135 3032 2289 3080 agens-

283 3086 376 3135 δε
401 3086 571 3133 malum
602 3085 659 3132 ab
691 3085 821 3133 altera
845 3100 967 3150 parte
1000 3103 1196 3150 reagens,
1238 3089 1310 3135 vel
1349 3090 1461 3136 inter
1502 3090 1671 3137 malum
1710 3090 1766 3136 ab
1803 3102 1889 3136 una
1925 3094 2046 3147 parte
2077 3098 2212 3146 agens
2240 3084 2293 3129 ὅτ

321 3150 498 3199 bonum
533 3151 589 3198 ab
613 3151 757 3198 altera
778 3165 902 3214 parte
936 3168 1149 3216 reagens3
1196 3153 1500 3217 aequilibrium
1532 3156 1647 3203 inter
1668 3155 1838 3203 bonum
1870 3151 2005 3212 a'gens
2036 3149 2085 3196 &
2117 3147 2288 3195 malum

317 3231 507 3280 :reagcns
530 3215 592 3265 est
606 3217 732 3280 »apud
755 3216 915 3276 bonos,
950 3232 994 3268 at
1016 3218 1320 3283 aequilibrium
1347 3221 1462 3270 inter
1485 3221 1655 3271 malum
1688 3231 1819 3282 agens
1842 3216 1891 3265 δι
1917 3214 2089 3263 bonum
2113 3227 2302 3327 reagenist

2235 3293 2261 3326 e
