2546 3786
291 306 422 370 194
611 280 1159 347 DzCOELO
1217 278 1980 347 E‘rINFERNO.

357 418 473 476 458.
509 412 660 461 Facies
700 412 1040 475 hypocritarum
1078 411 1212 460 serius
1251 421 1484 461 mutantur
1521 428 1659 477 quam
1700 409 1831 460 facies
1876 412 2174 476 reliquorum,
2225 430 2284 466 ex

295 481 419 529 causa
449 480 556 541 quia
586 492 643 524 ex
674 477 995 526 consuetudine
1027 489 1351 524 contraxerunt
1385 476 1590 528 habitum
1623 478 1931 542 componendi
1969 480 2177 527 interiora
2211 480 2285 530 sua

295 548 351 595 ad
397 547 631 604 imitamen
674 543 965 591 affectionum
1013 543 1254 598 bonarum,
1303 556 1578 606 quapropter
1618 544 1699 592 diu
1739 559 1831 591 non
1871 544 2115 606 impulchri
2149 561 2286 609 appa-

301 624 433 666 rent·,
478 611 551 659 sed
590 609 695 671 quia
732 609 991 657 simulatum
1031 608 1152 672 apud
1188 608 1290 656 illos
1329 607 1565 656 succeffive
1599 610 1795 665 exuitur,
1845 624 1896 656 ac
1937 610 2290 674 interiorasquae

302 678 463 725 mentis
496 675 795 737 disponuntur
827 674 884 726 ad
914 673 1110 722 formam
1135 673 1314 721 suarum
1338 671 1651 729 affectionum,
1685 673 1803 721 fiunt
1825 673 1976 737 postea
1997 675 2291 725 deformiores

303 743 410 790 aliis.
483 741 757 804 Hypocritae
798 738 915 796 sunt,
962 741 1042 803 qui
1081 739 1259 802 loquuti
1299 738 1400 787 sunt
1441 737 1554 789 ficut
1588 738 1782 801 AngeH,
1816 739 1891 787 sed
1928 742 2108 789 interius
2148 758 2289 803 agno-

303 818 464 854 verunt
498 804 629 864 solam
672 819 893 862 naturam,
925 806 975 857 &
1015 805 1075 854 fic
1114 821 1207 857 non
1247 806 1490 863 Divinum,
1532 821 1585 855 ac
1622 804 1728 853 inde
1762 818 2039 867 negaverunt
2072 807 2146 855 illa
2184 824 2291 871 quae

305 873 518 921 Ecclefiae
551 873 599 919 δε
623 871 746 918 Caeli
771 871 883 919 sunt.
2282 907 2283 910 η

371 956 488 1001 459.
526 937 771 986 Sciendum
805 938 886 995 est,
921 936 1046 1001 quod
1087 935 1232 986 forma
1271 938 1466 986 humana
1506 933 1703 999 cujusvis
1737 935 1933 985 hominis
1965 937 2066 1000 post
2097 949 2292 989 mortem

308 1021 363 1052 eo
402 1004 632 1067 pulchrior
666 1003 737 1060 fit,
781 1019 874 1066 quo
910 1003 1092 1050 interius
1127 1017 1351 1052 amaverat
1382 1005 1552 1051 Divina
1571 1003 1707 1060 Vera,
1753 1003 1803 1050 ὅτ
1838 1002 2011 1051 vixerat
2046 1002 2293 1053 secundum

310 1071 405 1125 illa,
446 1086 550 1117 nam
590 1071 797 1116 interiora
833 1066 1028 1131 cujusvis
1065 1068 1310 1118 secundum
1348 1069 1530 1116 illorum
1570 1083 1772 1116 amorem
1813 1083 1864 1115 ac
1898 1069 2038 1114 vitam
2072 1069 2115 1115 ἃ
2155 1072 2296 1133 aperi-

313 1148 451 1183 untur
489 1138 548 1184 δε,
576 1134 844 1191 formantur,
879 1146 1152 1199 quapropter
1185 1145 1280 1197 quo
1316 1135 1497 1182 interior
1531 1133 1724 1190 affectio,-
1758 1149 1814 1180 eo
1847 1130 2126 1181 conformior
2156 1135 2297 1193 coele,
2348 1163 2351 1167 ·

314 1204 364 1249 δι
405 1200 508 1249 inde
542 1215 597 1248 eo
637 1199 873 1247 formofior
910 1198 1071 1247 facies:
1122 1200 1226 1247 inde
1263 1199 1342 1256 est,
1377 1199 1504 1263 quod
1528 1199 1717 1263 Angeli,
1756 1199 1836 1262 qui
1875 1199 1922 1246 in
1961 1199 2099 1246 Coelo
2135 1200 2299 1249 intimo

312 1266 430 1323 sunt,
465 1265 751 1328 pulcherrimi
790 1265 891 1320 sint,
925 1266 1031 1327 quia
1069 1264 1170 1315 sunt
1208 1267 1371 1314 amoris
1407 1264 1600 1314 coelestis
1636 1264 1824 1313 formae:
1876 1265 1956 1327 qui
1995 1276 2147 1312 autem
2177 1279 2299 1314 exte-

314 1334 408 1379 rius
439 1342 702 1378 amaverunt
723 1330 892 1377 Divina
913 1331 1047 1387 Vera,
1083 1332 1132 1379 δε
1169 1331 1227 1379 fic
1262 1332 1454 1380 exterius
1489 1333 1701 1379 vixerunt
1735 1330 1980 1393 secundum
2020 1331 2110 1388 illa,
2148 1333 2301 1379 minus

315 1396 491 1460 pulchri
529 1395 647 1451 sunt,
691 1405 797 1444 riam
836 1397 1052 1444 exteriora
1092 1398 1234 1445 modo
1273 1397 1448 1445 elucent
1485 1413 1541 1444 ex
1579 1394 1690 1444 facie
1725 1395 1925 1452 illorum,
1960 1397 2009 1443 δε
2046 1410 2137 1444 non
2174 1411 2301 1444 arnor

314 1463 495 1509 interior
532 1459 724 1509 coelestis
763 1477 842 1525 per
878 1463 1096 1510 exteriora
1134 1463 1383 1519 transsucet,
1420 1462 1610 1526 proinde
1648 1478 1739 1510 non
1775 1459 1921 1509 forma
1942 1462 2066 1510 Coeli
2089 1462 2231 1525 qualis
2253 1464 2299 1510 in

316 1527 359 1575 se
398 1527 492 1582 est·,
527 1539 710 1590 apparet
749 1526 988 1590 respestive
1020 1527 1262 1576 obscurum
1297 1529 1411 1591 quid
1447 1546 1472 1575 e
1511 1528 1630 1575 facie.
1659 1528 1842 1575 illorum
1881 1543 1972 1574 non
2010 1528 2298 1576 vivificatum

315 1610 341 1640 a
385 1592 690 1640 transsucentia
734 1594 844 1639 vitae
893 1594 1138 1642 interioris:
1192 1594 1348 1651 verbo,
1399 1593 1553 1642 crescit
1597 1596 1745 1641 omnis
1790 1592 2003 1656 perfefflo
2039 1593 2187 1640 versus
2209 1620 2211 1622 ·
2234 1596 2302 1641 in-

317 1658 493 1713 teriora,
540 1659 589 1707 &
629 1656 840 1705 decrescit
874 1657 1031 1706 versus
1061 1661 1293 1713 exteriora,
1340 1660 1390 1706 ὅτ
1427 1660 1539 1706 ficut
1583 1656 1812 1721 perfectio,
1862 1660 1922 1705 ita
1965 1674 2150 1721 quoque
2193 1660 2300 1722 pul·

317 1722 526 1770 chritudo
559 1720 713 1770 crescit
746 1723 795 1770 δε
832 1721 1056 1771 decrescit.
1126 1724 1237 1772 Vidi
1272 1722 1403 1773 facies
1433 1723 1678 1786 Angelicas
1717 1723 1835 1770 tertii
1871 1721 2012 1779 Coeli,
2047 1739 2153 1786 quae
2191 1726 2300 1772 tales

317 1801 458 1844 erant,
508 1799 560 1834 ut
602 1786 818 1850 nusquam
865 1787 982 1849 ullue
1026 1787 1173 1850 Ρίἃοτ
1217 1789 1358 1851 posset
1399 1791 1530 1836 omni
1575 1801 1666 1836 arte
1711 1787 1786 1835 sua
1830 1787 2000 1850 aliquid
2045 1789 2141 1835 talis
2186 1790 2302 1838 lucis

318 1854 423 1901 dare
461 1852 705 1908 coloribuS,
751 1864 802 1900 ut
838 1865 1034 1914 aequaret
1074 1853 1355 1901 millesimam
1394 1865 1567 1917 partem
1609 1853 1721 1900 lucis
1759 1854 1810 1900 δε
1845 1853 1973 1908 vitae,
2019 1869 2124 1915 quae
2164 1869 2300 1918 appa-

318 1918 410 1966 ruit
445 1917 491 1965 in
525 1915 634 1965 facie
663 1916 872 1966 illorum:
910 1917 984 1966 sed
1013 1917 1147 1966 facies
1169 1919 1460 1982 Angelorum
1482 1918 1635 1967 ultimi
1659 1917 1781 1967 Coeli
1815 1917 1994 1981 poffunt
2031 1918 2303 1982 aliquatenus

316 1999 359 2031 ae
392 2000 499 2031 uari.

360 2000 497 2111 q460.
534 2049 768 2097 Arcanum
803 2049 1038 2113 quoddam
1071 2048 1245 2097 nemini
1280 2048 1428 2098 adhuc
1459 2060 1620 2098 notum
1644 2050 1782 2098 velim
1823 2049 1987 2097 ultimo
2022 2049 2141 2104 dare,
2175 2053 2302 2113 quod

294 2115 401 2171 est,
436 2115 564 2178 quod
597 2131 734 2163 omne
773 2114 947 2163 bonum
985 2116 1035 2163 &
1069 2130 1248 2171 verum,
1277 2115 1402 2178 quod
1439 2131 1466 2162 a
1487 2115 1693 2164 Domino
1725 2116 1948 2178 procedit,
1980 2130 2031 2162 ac
2063 2113 2169 2163 facit
2191 2117 2302 2164 Coe-

317 2180 438 2235 lum,
485 2180 539 2236 fit
576 2180 622 2228 in
661 2178 810 2228 forma
845 2180 1060 2237 humana,
1105 2181 1157 2228 δε
1197 2181 1283 2228 hoc
1320 2196 1412 2229 non
1448 2179 1595 2229 solum
1635 2182 1680 2228 in
1723 2191 1824 2228 toto
1865 2181 1914 2228 δε
1955 2181 2175 2237 maximo,
2227 2181 2302 2229 sed

320 2247 457 2293 etiam
497 2246 542 2292 in
579 2246 706 2293 omni
744 2257 868 2308 parte
906 2247 955 2294 ὅτ
993 2247 1040 2293 in
1082 2246 1316 2302 minimis;
1362 2247 1412 2295 δε
1450 2247 1576 2310 quod
1614 2246 1712 2294 haec
1751 2243 1902 2293 forma
1936 2246 2096 2293 afficiat
2131 2262 2301 2295 unum·

320 2312 533 2373 quemvis
568 2312 650 2374 qui
688 2312 846 2374 recipit
885 2312 1058 2360 bonum
1095 2312 1146 2362 ὅτ
1185 2327 1346 2360 verum
1387 2313 1654 2368 aDomino,
1688 2326 1739 2360 ac
1778 2309 1909 2359 faciat
1946 2323 1998 2359 ut
2035 2311 2222 2376 quisque
2254 2314 2303 2361 in

322 2376 461 2423 Coelo
496 2376 550 2424 fit
590 2378 636 2424 in
674 2375 821 2424 forma
857 2376 1050 2425 humana
1084 2376 1329 2427 secundum
1369 2379 1702 2442 receptionem:
1752 2377 1857 2426 inde
1899 2376 1980 2434 est,
2026 2378 2154 2441 quod
2188 2378 2302 2426 Coe-

322 2441 421 2488 lum
461 2442 514 2490 sit
551 2441 631 2489 fibi
669 2442 810 2490 simile
848 2443 893 2489 in
929 2445 1165 2491 communi
1202 2444 1251 2491 ὅτ
1291 2445 1337 2492 in
1377 2444 1650 2508 particulari,
1683 2442 1882 2507 &quod
1921 2440 2067 2491 forma
2107 2442 2302 2492 humana

321 2507 377 2553 s1t
415 2507 515 2564 toti,
552 2508 605 2554 fit
639 2509 783 2556 cuivis
819 2508 1029 2566 societati,
1062 2510 1113 2558 sc
1152 2510 1186 2557 fi
1220 2510 1364 2558 cuivis
1389 2511 1585 2575 Angelo,
1619 2523 1671 2557 ut
1693 2508 1914 2557 ostensum
1939 2508 2002 2556 est
2034 2509 2077 2556 in
2108 2521 2302 2573 quatuor

322 2573 541 2620 Articulis
581 2588 606 2619 a
645 2589 706 2621 n:
733 2591 795 2639 59
819 2575 874 2622 ad
901 2576 978 2632 86,
1011 2576 1176 2639 quibus
1216 2575 1291 2624 hic
1329 2576 1590 2624 addendum
1626 2575 1706 2632 est,
1740 2575 1867 2639 quod
1888 2574 1943 2622 fit
1966 2574 2150 2638 fingulis
2173 2573 2300 2636 cogi-

322 2639 500 2685 tationis
544 2653 650 2701 quae
691 2655 751 2686 ex
791 2654 940 2687 amore
986 2641 1156 2689 coelesti
1199 2641 1320 2705 apud
1360 2642 1582 2707 Angelos.
1665 2640 1754 2688 Sed
1799 2640 1885 2688 hoc
1927 2641 2138 2688 arcanum
2182 2639 2301 2687 cadit

325 2701 448 2764 aegre
484 2704 530 2750 in
570 2704 843 2753 intellectum
878 2704 1064 2770 alicujus
1098 2706 1311 2765 hominis,
1353 2723 1512 2758 verum
1553 2706 1667 2756 clare
1705 2706 1751 2755 in
1791 2705 2067 2756 intellectum
2095 2703 2302 2770 Angelos

321 2783 442 2829 rum,
475 2768 580 2835 quia
601 2769 649 2820 in
670 2770 769 2822 luce
790 2771 915 2821 Coeli
938 2771 1051 2822 sunt.
1245 2778 1251 2783 '
2013 2788 2037 2822 ι

2055 3183 2058 3186 ,
2111 3096 2319 3190 Qoff
