2546 3786
549 252 679 316 Du
735 249 1265 315 COELom·
1316 245 1910 317 INFERN'O.
2087 268 2218 339 153

241 377 327 431 illis
360 376 604 443 opulentia,
632 379 689 429 ὅτ
726 379 827 428 talis
855 369 1121 442 'jucunditas
1160 375 1209 424 &
1249 375 1466 437 felicitas„
1516 378 1641 427 Usus
1674 379 1781 428 boni
1817 378 1938 437 funt,
1974 377 2017 427 se
2041 377 2091 427 &
2122 379 2224 428 suos

239 445 487 511 prospicere
523 443 927 505 neceffiriisvitaez
973 441 1292 491 abundantiam
1317 444 1429 492 velle
1465 445 1620 509 patriae
1649 444 1793 502 causa,
1829 447 1966 493 etiam
2001 446 2220 509 proximi,

238 514 314 562 cui
337 513 462 559 dives
485 526 581 574 prae
602 522 795 574 paupere
818 507 974 556 multis
1009 508 1158 556 modis
1198 508 1453 557 benefacere
1491 509 1670 575 potest3
1707 511 1759 559 &
1781 512 1887 574 quia
1919 511 1979 558 fic
2012 513 2218 558 animum

240 577 386 642 potest
406 589 634 624 removere
665 589 691 620 a
712 573 803 619 vita
824 573 978 632 otiosa,
1012 591 1120 636 quae
1140 577 1232 622 vita
1255 576 1496 639 perniciosa
1518 576 1597 634 est,
1638 592 1742 624 nam
1782 577 1830 624 in
1861 575 1933 623 illa
1969 574 2111 623 homo
2142 591 2220 624 co-

241 645 356 707 gitat
379 643 493 691 male
523 654 584 688 a
610 637 733 686 malo
769 637 849 685 fibi
882 639 1026 687 infito.
1098 638 1169 688 Hi
1192 641 1293 689 usus
1318 641 1423 689 boni
1451 643 1566 698 sunt,
1599 653 1824 706 quantum
1859 643 1905 688 in
1929 640 1970 689 se
1993 642 2223 690 Divinum

241 708 420 765 habent,
442 707 528 754 hoc
547 702 630 760 est,
667 717 888 766 quantum
909 706 1049 753 homo
1072 705 1235 770 speftat
1257 707 1480 755 Divinum
1504 708 1555 754 δι
1575 709 1630 756 ad
1654 707 1867 764 Coelum,
1898 708 1948 755 ὅτ
1971 707 2103 755 suum
2137 707 2220 756 bo·

242 786 352 823 num
378 776 425 820 in
446 771 532 818 illis
566 769 713 832 ponit,
754 771 803 817 &
827 771 874 817 in
892 772 1060 834 opibus
1083 772 1226 820 modo
1250 773 1423 820 bonum
1458 773 1709 821 inserviens.

250 874 251 877 η
302 839 417 901 362.
453 836 688 883 Contraria
725 847 875 883 autem
914 838 1004 884 sors
1027 836 1224 884 divitum
1249 838 1327 892 est,
1362 840 1558 901 quinon
1581 839 1867 887 crediderunt
1885 837 2130 895 Divinum,
2170 838 2226 885 δι’

242 905 315 955 ilia
340 917 447 966 quae
470 900 595 948 Coeli
627 903 676 949 &
701 901 912 948 Ecclefiae
936 903 1037 950 sunt
1066 901 1124 949 ab
1145 904 1300 950 animo
1323 903 1584 963 rejecerunt,
1617 904 1682 949 illi
1712 904 1758 950 in
1787 903 1968 957 lnferno
1990 906 2108 961 sunt,
2142 904 2225 951 ubi

240 969 405 1024 sordes,
442 966 647 1024 miseriae,
697 967 747 1014 ὅτ
784 965 987 1029 egestas3
1042 969 1088 1015 in
1127 968 1230 1015 talia
1266 979 1507 1015 vertuntur
1544 968 1719 1015 divitiae
1753 983 1860 1032 quae
1896 982 2113 1017 amantur·
2136 985 2227 1033 pro

239 1036 364 1090 fine-,3
410 1048 490 1080 nec
515 1033 659 1080 modo
682 1032 876 1089 divitiae,
915 1033 989 1081 sed
1011 1034 1146 1081 etiam
1171 1033 1253 1097 ipfi
1276 1032 1396 1091 usus,
1437 1034 1519 1097 qui
1556 1032 1658 1080 sunt
1695 1035 1768 1080 vel
1807 1046 1859 1080 ut
1887 1035 2045 1081 vivant
2068 1037 2227 1097 genio,

240 1102 291 1149 sc
325 1099 588 1162 indulgeant
623 1098 949 1163 voluptatibus,
988 1111 1130 1163 utque
1169 1100 1468 1147 abundantius
1510 1101 1558 1147 &
1599 1099 1780 1147 liberius
1818 1101 1982 1163 possint
2020 1102 2228 1148 animum

241 1166 424 1228 flagitiis
463 1166 582 1221 dare,
616 1163 689 1211 vel
725 1175 777 1212 ut
813 1166 1041 1213 emineant
1073 1165 1204 1228 super
1236 1166 1346 1213 alios
1382 1180 1500 1230 quos
1527 1177 1856 1213 contemnunt:
1906 1165 1996 1211 illae
2030 1166 2225 1223 divitiae,

241 1234 291 1281 ὅτ
317 1232 379 1278 illi
401 1229 519 1287 usus,
553 1230 663 1293 quia·
694 1230 803 1277 nihil
823 1230 1046 1294 spirituale
1079 1232 1125 1279 in
1150 1229 1190 1278 se
1211 1231 1393 1288 habent,
1435 1230 1508 1279 sed
1530 1231 1744 1288 terrestre,
1779 1230 2064 1286 sordescunt3
2101 1231 2226 1294 spiri-

242 1297 359 1348 tuale
380 1298 501 1344 enim
525 1297 571 1343 in
594 1296 764 1343 divitiis
785 1297 835 1344 ὅτ
856 1313 1010 1345 earum
1032 1297 1200 1354 ufibUS‚
1233 1297 1298 1345 est
1319 1297 1432 1345 ficut
1459 1298 1609 1345 anima
1630 1299 1676 1345 in
1700 1313 1906 1362 corpore,
1938 1295 1987 1344 ὅτ
2008 1296 2122 1344 ficut
2146 1295 2229 1343 lux

241 1363 351 1413 coeli
373 1363 419 1409 in
440 1362 627 1410 humida
648 1361 824 1418 hun-103
863 1364 915 1409 ὅτ
937 1378 1121 1428 quoque
1143 1363 1404 1425 putrescunt
1436 1363 1550 1411 ficut
1583 1378 1748 1426 corpus
1779 1362 1942 1427 absque
1967 1364 2132 1419 anima,
2172 1363 2225 1409 ὅτ

242 1432 353 1480 ficut
376 1428 562 1476 humida
583 1428 749 1475 humus
772 1426 936 1496 absque
968 1429 1070 1477 luce
1090 1430 1231 1478 coeli:
1274 1429 1322 1476 hi
1356 1428 1457 1476 sunt
1479 1429 1646 1492 quibus
1667 1429 1842 1477 divitiae
1863 1427 2151 1485 seduxerunt,
2174 1429 2226 1476 ὅτ

243 1513 268 1548 e
289 1495 413 1542 coelo
435 1494 732 1541 detraxerunt.
2155 1525 2157 1527 ·

311 1562 424 1625 363,
457 1558 834 1622 Unumquemvis
853 1559 1088 1608 hominem
1113 1572 1263 1609 manet
1283 1559 1386 1624 post
1409 1570 1605 1608 mortem
1643 1558 1741 1623 ejus
1775 1558 1952 1606 affeffio
1987 1559 2060 1606 seu
2097 1573 2228 1607 amor

244 1626 498 1681 dominans,
534 1623 608 1671 ille
630 1639 723 1672 non
746 1622 1011 1688 exstirpatur
1043 1625 1090 1671 in
1113 1638 1361 1682 aeternum,
1389 1626 1606 1688 quoniam
1631 1625 1828 1672 hominis
1848 1623 2028 1687 spiritus
2049 1625 2230 1687 prorsus

242 1692 305 1740 est
327 1691 440 1739 ficut
467 1687 562 1752 ejus
586 1704 731 1746 amor,
770 1689 821 1737 δι
850 1690 980 1753 quod
1001 1706 1211 1739 arcanum
1246 1691 1329 1749 est,
1362 1688 1557 1754 cujusvis
1593 1689 1772 1754 spiritus
1804 1690 1855 1737 δι’
1879 1690 2029 1753 angeli
2065 1704 2232 1754 corpus

243 1756 303 1804 est
327 1754 422 1821 ejus
442 1756 609 1804 amoris
631 1754 780 1802 forma
809 1768 993 1804 externa
1024 1757 1203 1820 prorsus
1231 1757 1583 1821 correspondens
1615 1754 1779 1804 formae
1804 1756 1993 1803 internae
2026 1770 2132 1819 quae
2168 1756 2231 1803 est

243 1821 337 1887 ejus
370 1824 510 1870 animi
542 1821 593 1869 &
616 1821 799 1877 mentiS‚
834 1821 941 1870 inde
968 1821 1032 1869 est
1054 1823 1181 1886 quod
1218 1822 1396 1888 spiritus
1427 1821 1662 1871 noscantur
1684 1821 1838 1885 quales
1876 1821 1977 1869 sunt
2014 1837 2071 1869 ex
2100 1820 2234 1878 facie,

245 1906 302 1936 ex
340 1887 553 1951 gestibus,
589 1888 640 1934 &
677 1902 735 1934 ex
774 1887 986 1950 loquela;
1041 1889 1092 1936 &
1123 1905 1310 1953 quoque
1350 1888 1602 1937 nosceretur
1642 1888 1784 1936 homo
1824 1887 1979 1950 quoad
2024 1887 2230 1949 spiritum

243 1955 376 2002 suum
401 1954 515 2001 dum
537 1952 656 1999 vivit
677 1953 725 2000 in
749 1951 943 2011 mundo,
976 1952 1012 2001 fi
1033 1969 1126 2002 non
1147 1954 1366 2003 didicisset
1402 1953 1532 2011 facie,
1571 1953 1719 2018 gestu,
1756 1954 1808 2002 ὅτ
1832 1951 2010 2016 loquela
2045 1954 2230 2000 mentiri

243 2036 335 2068 non
358 2019 464 2065 sua:
515 2018 620 2065 inde
642 2017 840 2066 constare
862 2018 1026 2082 potest,
1071 2021 1199 2083 quod
1233 2021 1375 2068 homo
1414 2021 1462 2067 in
1496 2032 1719 2069 aeternum
1755 2030 1947 2075 maneat,
1990 2018 2135 2082 qualis
2166 2017 2233 2066 est

177 2140 179 2142 v
243 2083 337 2147 ejus
366 2083 544 2131 affectio
577 2082 651 2130 seu
689 2094 818 2130 amor
854 2084 1204 2148 praedominans.
1261 2085 1427 2148 ‚Loqui
1449 2085 1608 2132 datum
1632 2085 1696 2131 est
1717 2086 1827 2131 cum
1863 2083 2104 2146 aliquibus,
2150 2085 2232 2147 qui

246 2152 458 2200 vixerunt
497 2161 597 2197 ante
619 2148 921 2213 septendecim
945 2148 1121 2208 saecula,
1159 2165 1359 2214 quorum
1382 2151 1477 2198 vita
1511 2165 1569 2198 ex
1600 2149 1772 2214 scriptis
1804 2164 1860 2197 eo
1883 2161 2087 2212 tempore
2120 2161 2233 2197 nota

248 2216 329 2274 est,
374 2218 423 2264 &
447 2227 736 2278 compertum
774 2216 902 2278 quod
921 2215 1082 2263 adhuc
1106 2215 1218 2265 serat
1253 2216 1354 2264 illos
1392 2232 1520 2265 arnor
1551 2214 1655 2263 suus
1687 2217 1769 2280 qui
1805 2228 1914 2262 tunc
1953 2213 2055 2261 fuit.
2123 2215 2235 2262 Inde

249 2297 431 2345 quoque
453 2281 651 2329 constare
673 2281 837 2345 potest,
881 2282 1008 2345 quod
1047 2298 1178 2331 amor
1201 2283 1463 2331 divitiarum
1485 2298 1536 2330 ac
1560 2282 1722 2329 usuum
1761 2297 1818 2329 ex
1851 2280 2023 2342 divitiis
2061 2293 2236 2328 maneat

249 2347 607 2411 unumquemvis
644 2347 694 2394 in
730 2360 969 2403 aeternum,
1022 2348 1074 2396 ὅτ
1112 2348 1290 2413 prorsus
1329 2349 1426 2396 talis
1470 2347 1525 2396 fit
1568 2348 1711 2411 qualis
1754 2358 2038 2410 comparatus
2081 2346 2147 2393 est
2185 2348 2239 2393 in

251 2413 428 2460 mundo
446 2435 462 2469 3
501 2428 611 2460 curn
631 2427 681 2461 m
701 2424 850 2478 tamen
872 2414 1139 2472 differentia,
1161 2416 1290 2479 quod
1312 2415 1488 2462 divitiae
1520 2415 1645 2478 apud,
1680 2413 1779 2461 illos
1798 2413 1964 2477 quibus
1992 2409 2232 2459 inservive·

249 2492 347 2526 rant
379 2495 464 2542 pro
499 2478 630 2526 bonis
665 2478 816 2526 ufibus
853 2491 1082 2527 vertantur
1132 2483 1179 2528 in
1207 2479 1515 2543 jucunditates
1557 2479 1804 2527 secundum
1851 2479 1970 2535 usus,
2016 2478 2066 2525 &
2104 2477 2233 2539 quod

250 2546 428 2592 divitia:
462 2544 582 2608 apud
619 2544 718 2593 illos
739 2544 905 2609 quibus
938 2545 1255 2596 inserviverant
1293 2543 1380 2610 pro
1403 2547 1533 2594 malis
1564 2545 1715 2592 usibus
1737 2556 1968 2592 vertantur
1998 2544 2047 2590 in
2070 2542 2240 2599 sordes,
2305 2597 2310 2600 ,

251 2611 417 2675 quibus
454 2612 588 2658 etiam
623 2623 756 2673 ‘tunc‘
775 2611 1046 2658 deledtantur
1081 2612 1282 2660 similiter
1313 2625 1364 2660 ut
1397 2614 1444 2660 in
1481 2611 1657 2659 mundo
1687 2611 1856 2658 divitiis
1878 2621 2065 2673 propter
2093 2608 2241 2656 malos⁴

253 2676 383 2724 usus:
435 2677 561 2739 quod
584 2687 691 2723 tunc
715 2676 988 2725 deleEtentur
1011 2676 1230 2735 sordibus,
1268 2678 1331 2725 est
1353 2680 1458 2742 quia
1489 2677 1664 2740 spurcae
1691 2675 1945 2739 voluptates
1979 2675 2027 2721 ὅτ
2049 2674 2238 2736 flagitia,-

253 2757 358 2805 quae
380 2740 560 2789 fuerunt
581 2742 683 2789 usus
705 2758 761 2789 ex
790 2741 891 2798 illis,
926 2744 973 2790 ὅτ
995 2759 1180 2808 quoque
1200 2745 1403 2800 avaritia,
1442 2758 1550 2806 quae
1571 2742 1634 2789 est
1671 2757 1798 2788 amor
1837 2741 2107 2787 divitiarum
2138 2738 2234 2786 abs&

254 2822 345 2869 que
376 2808 475 2864 usu,
522 2807 721 2854 sordibus
760 2807 1140 2871 cor-respondent3
1186 2806 1336 2856 sordes
1375 2808 1617 2872 spirituales
1655 2822 1748 2855 non
1785 2806 1885 2852 aliae
1919 2804 2034 2852 sunt.

325 2873 430 2934 364.
467 2875 685 2937 Pauperes
718 2888 808 2920 non
847 2876 893 2921 in
916 2874 1107 2921 Coelum
1147 2886 1329 2938 propter
1367 2885 1674 2938 paupertatem
1710 2873 1916 2928 veniunt,
1955 2870 2027 2918 sed
2050 2882 2244 2934 propter

198 2965 200 2967 ·
252 2935 395 2984 vitam
415 2937 446 2998 ς
473 2943 827 3004 unumquemvis
850 2941 948 2987 vita
963 2938 1059 3005 ejus
1082 2937 1294 3004 sequitur,
1339 2940 1429 2988 five
1463 2940 1588 2988 dives
1626 2938 1679 2987 fit
1700 2937 1790 2986 five
1814 2952 1982 3001 pauper
2000 2958 2018 2993 ·,
2057 2953 2148 2984 non
2171 2935 2243 2983 eflz

2100 3018 2239 3066 pecu·

259 3126 450 3182 Regnum
471 3124 640 3172 Domini
660 3131 710 3173 sit
730 3103 919 3188 Regnum
951 3132 1115 3183 usuum,
1142 3147 1172 3174 n
1193 3147 1203 3174 :
1227 3146 1331 3189 453.
1350 3132 1456 3188 696.
1477 3145 1600 3188 1103.
1627 3108 1753 3187 3643·
1772 3142 1904 3185 4054·
1926 3128 2054 3184 7038.
2114 3122 2245 3178 Q0d²
2312 3126 2315 3128 ¹

260 3184 404 3225 fervire
425 3181 608 3227 Domino
635 3186 685 3236 ὃς
710 3189 798 3244 usus
827 3188 1025 3254 praestare,
1055 3204 1109 3231 n:
1133 3189 1262 3246 7038.
1321 3188 1451 3243 Qod
1467 3202 1610 3235 omnes
1627 3189 1723 3235 tales
1741 3185 1842 3242 sint,
1864 3185 2010 3242 quales.
2030 3184 2125 3228 sunt
2145 3180 2247 3223 usu&

259 3254 358 3296 quos
384 3239 593 3297 praestant,
616 3250 647 3288 n
664 3249 819 3303 54054·
838 3247 977 3304 6815:
998 3246 1248 3314 ¹illustratum
1268 3261 1295 3291 n
1314 3260 1328 3290 ι
1344 3245 1476 3352 7ῑο138.
