2546 3786
326 272 453 338 132
634 253 753 315 nn
801 246 1163 312 coELo
1222 199 1324 313 241-
1382 242 1986 313 1NFERN0.

316 382 374 430 de
396 382 528 430 variis
561 381 775 444 loquutus
813 375 943 433 sume
986 376 1166 424 credere
1197 376 1386 435 dabatur
1421 377 1549 442 quod
1583 377 1686 425 effet
1720 378 1913 440 Cicero:
1959 377 2010 425 ὅτ.
2049 378 2156 442 quia
2187 378 2306 429 nov?

296 448 442 512 —quod
468 447 632 510 sapiens
660 443 808 500 suerit,
846 443 993 491 sermo
1030 440 1118 490 fuit
1153 458 1260 490 cum
1299 442 1379 490 illo
1415 444 1473 491 de
1510 445 1748 508 Sapientia,
1789 444 1845 490 de
1881 443 2197 507 Intelligentia,
2239 448 2298 493 de

315 514 509 569 Ordine,
545 512 602 559 de
624 511 795 566 Verbo,
831 511 881 557 ὅτ
904 508 1093 556 demum
1118 508 1174 555 de
1197 508 1404 556 Domino
1420 526 1437 557 t
1477 508 1536 556 de
1553 509 1774 572 Sapientia
1796 509 1927 565 dixit,
1953 509 2079 571 quod
2104 511 2318 564 nonalia

318 579 528 643 sapientia
554 578 701 633 detur,
741 591 878 638 quam
901 590 1008 638 quae
1045 572 1109 637 est
1131 573 1262 630 vitae,
1299 575 1349 622 &
1382 574 1507 637 quod
1542 574 1599 621 de
1628 575 1708 623 alia
1742 591 1788 622 re
1826 575 2031 638 sapientia
2063 576 2310 638 praedicari-

318 657 538 708 nequeat:
586 643 643 689 de
681 641 996 704 Intelligentia,
1039 640 1166 703 quod
1203 640 1277 687 illa
1299 639 1353 686 fit
1389 639 1522 688 inde:
1565 639 1629 686 de.
1646 640 1839 697 Ordine,
1884 641 2011 703 quod
2034 642 2165 689 Ordo
2188 642 2244 699 fit
2275 657 2315 688 a·

319 712 544 773 Supremo
566 709 686 764 Deo,
731 708 780 753 &
804 706 930 771 quod
953 710 1106 753 vivere
1147 706 1190 752 in
1232 705 1312 753 illo
1350 705 1508 753 ordine
1543 704 1596 752 fit
1619 704 1785 768 sapiens
1818 707 2142 769 &intelligens
2177 708 2261 755 effe
2278 726 2305 755 :⁸

321 776 448 838 quod
474 773 679 820 Verbum
704 774 879 829 attinet,
917 788 1028 819 cum
1050 771 1344 835 praelegerem
1384 771 1449 817 illi
1482 770 1654 833 aliquid
1690 786 1750 817 ex
1773 771 2066 834 PropheticiS,
2107 773 2301 821 delecta·

301 855 391 889 -tus
429 839 491 887 est
529 855 667 903 quam
708 840 924 894 maxime,
966 839 1195 902 praecipue
1228 854 1286 885 ex
1321 853 1377 884 eo
1400 837 1526 901 quod
1566 836 1743 900 fingula
1765 835 1983 894 Nomina,
2022 839 2073 886 &
2113 839 2303 901 fingulae

317 922 466 962 vocer»,
493 906 790 953 fionificatent
810 906 1036 960 interiora,
1079 906 1265 951 miratus
1285 903 1415 950 valde
1433 902 1559 966 quod
1583 903 1766 957 Eruditi
1800 902 2056 955 hodienom
2079 905 2302 952 delecten-

318 985 393 1020 tur
416 973 492 1020 tast
515 945 698 1028 ffudio,
739 971 922 1034 percepi
944 968 1185 1026 manifeste,
1226 970 1351 1032 quod
1373 970 1578 1017 interiora
1610 966 1706 1031 ejus
1739 965 2024 1030 cogitationis
2047 967 2322 1018 seu-mentis

317 1052 466 1095 aperta
487 1039 620 1085 effent
642 1059 655 1092 3
692 1037 824 1094 dixit,
855 1037 989 1099 quod·
1015 1052 1105 1082 non
1139 1036 1279 1083 adeffe
1301 1036 1459 1098 posset,
1506 1035 1612 1097 quia
1635 1032 1821 1080 sanci-ius
1859 1035 2138 1098 perciperet,
2163 1050 2302 1100 quarn

320 1099 372 1152 u't
396 1104 536 1168 poffet
559 1103 781 1160 sustinere,
822 1105 882 1149 ita
904 1104 1027 1148 enim
1060 1102 1243 1149 interius
1277 1101 1563 1147 afficiebatur.
1633 1100 1843 1147 Tandem
1883 1098 1971 1146 fuit
2011 1100 2155 1147 sermo
2193 1119 2304 1150 curn

321 1171 400 1218 illo
423 1171 479 1218 de
497 1172 719 1224 Domino,
755 1167 880 1231 quod
906 1179 1034 1214 natus
1058 1166 1111 1213 fit
1140 1168 1331 1224 Home,
1358 1166 1431 1213 sed
1455 1178 1702 1230 conceptus
1728 1181 1753 1212 a
1774 1167 1894 1221 Dee,
1915 1167 1962 1213 &
1985 1166 2110 1229 quod
2134 1170 2305 1216 exuerit

321 1237 572 1284 humanum
609 1246 865 1282 maternum
904 1248 955 1279 ac
979 1232 1175 1279 induerit
1198 1233 1476 1280 Humanum
1501 1233 1747 1289 Divinum,
1782 1232 1837 1283 δε
1867 1233 1993 1294 quod
2019 1233 2098 1279 llle
2131 1232 2184 1280 fit
2204 1234 2304 1292 'Qui

322 1300 599 1351 Universum
642 1300 788 1362 regit3
832 1300 889 1346 ad
911 1298 1010 1346 haec
1033 1298 1280 1362 respondit,
1317 1299 1443 1362 quod
1484 1299 1613 1362 plura
1651 1297 1756 1345 sciat
1794 1297 1852 1344 de
1876 1299 2098 1358 Domino,
2146 1301 2198 1346 &a
2229 1314 2307 1363 ap·

321 1367 520 1432 percepit
545 1365 622 1413 suo
647 1365 804 1421 modo,
848 1365 975 1429 quod
1000 1381 1091 1412 non
1114 1364 1239 1412 aliter
1269 1365 1365 1412 fieri
1405 1364 1616 1428 potuifl‘et
1648 1364 1680 1411 fi
1705 1362 1943 1410 salvaretur
1965 1364 2121 1412 Genus
2143 1366 2306 1412 lamna·

320 1449 433 1481 num
455 1455 474 1489 ·,
515 1434 692 1480 interea
719 1432 910 1495 quidam
951 1430 1191 1478 Christiani
1233 1431 1341 1478 mali
1374 1429 1672 1480 infundebant
1711 1429 1833 1476 varia
1866 1428 2079 1487 scandala,
2126 1432 2199 1478 sed
2233 1431 2308 1479 illa

320 1515 413 1547 non
435 1498 632 1555 curabat,
678 1497 830 1545 dicens
853 1497 977 1561 quod
1004 1513 1094 1546 non
1121 1499 1289 1544 mirum
1312 1497 1383 1555 fit,
1423 1497 1528 1561 quia
1550 1496 1810 1544 imbuerunt
1838 1496 1884 1541 in
1908 1496 2000 1543 vita
2021 1498 2222 1562 corporis
2247 1498 2310 1546 de

321 1565 410 1613 illis
432 1581 524 1612 non
549 1564 667 1620 talia,
704 1563 816 1612 ficut
833 1564 976 1619 decet,
1001 1565 1051 1611 δε
1074 1563 1201 1627 quod
1223 1575 1463 1627 antequam
1488 1562 1593 1610 talia
1615 1561 1799 1609 discuffi
1819 1559 2002 1621 fuerint,
2026 1579 2119 1612 non
2140 1564 2307 1613 admit⁴

322 1644 414 1679 tere
434 1631 608 1695 poffent
629 1630 828 1693 illarquae
850 1630 1138 1685 confirmant,
1178 1628 1290 1676 ficut
1312 1630 1342 1675 ii
1365 1631 1447 1692 qui
1470 1630 1692 1692 ignorant.

393 1713 450 1761 32
464 1714 506 1761 3.
543 1691 863 1759 Loquieriam
881 1696 1043 1742 datum
1061 1693 1124 1742 est
1147 1710 1255 1742 cum
1279 1694 1392 1752 aliis,
1432 1696 1513 1758 qui
1551 1694 1745 1758 antiquis
1783 1695 2308 1760 temporibusvixerant,

322 1763 373 1811 &
396 1765 477 1826 qui
517 1774 627 1810 tunc
659 1763 787 1808 inter·
813 1761 1095 1824 sapientiores
1129 1758 1312 1818 fuerunt
1333 1783 1349 1816 ς
1394 1760 1490 1807 νίίὶε
1513 1761 1715 1825 primum
1758 1760 2010 1809 antrorsum
2045 1763 2118 1811 ad·
2137 1763 2304 1811 distan-

324 1831 453 1885 tiam,
488 1844 539 1876 ac
562 1828 624 1874 ibi
652 1839 898 1891 potuerunt
930 1826 1215 1890 appercipere
1237 1826 1446 1874 interiora
1475 1828 1802 1890 cogitationum
1827 1842 2066 1884 mearumss⁷
2083 1829 2326 1878 immulta-

325 1895 471 1958 plene,
506 1909 563 1940 ex
585 1909 672 1940 una
697 1893 791 1940 idea
815 1893 1103 1955 cogitationis
1127 1904 1373 1956 potuerunt
1395 1890 1504 1939 scire
1537 1894 1761 1956 integram
1796 1890 1975 1950 seriem,
2001 1893 2051 1940 &
2074 1894 2196 1942 iilam
2230 1896 2309 1942 de⁴

325 1959 598 2007 leetabilibus
622 1958 844 2020 sapientiae
867 1975 974 2006 cum
1000 1957 1461 2022 repraesentationibus
1497 1962 1682 2006 arnaenis
1704 1957 1891 2021 implere
1910 1980 1935 2014 ς’
1981 1959 2101 2007 inde-
2121 1968 2311 2024 percep&

325 2040 426 2073 tum
451 2025 531 2082 est,
563 2026 688 2089 quod
721 2027 836 2072 inter
874 2025 1154 2089 sapientiores
1192 2025 1361 2081 effent,-
1382 2024 1632 2084 &dietum
1668 2024 1748 2080 est,
1788 2025 1915 2086 quod
1953 2025 2089 2073 essent
2127 2026 2184 2072 ab
2206 2030 2309 2073 Ana

328 2093 497 2155 tiquis3
539 2107 589 2138 ac
615 2093 673 2138 ita
698 2093 883 2154 propius
917 2091 1217 2144 accesserunt,
1254 2106 1452 2152 cumque
1487 2101 1596 2138 tunc
1620 2090 1909 2152 praelegerem
1945 2090 2030 2136 illis
2061 2091 2226 2154 aliquid
2249 2109 2308 2139 ex

322 2158 499 2215 Verbo,
555 2157 839 2220 summopere
886 2156 1093 2207 ‘deleftati
1137 2154 1282 2211 sunt,
1329 2155 1471 2219 ipsam
1517 2155 1857 2202 delestationem
1896 2155 1946 2202 &
1975 2153 2310 2218 jucunditatem

330 2239 491 2270 eorum
515 2223 837 2286 percipiebam,
863 2239 968 2285 quae
994 2223 1187 2269 maxime
1211 2221 1314 2268 inde
1337 2228 1451 2277 erat}
1482 2221 1606 2285 quod
1630 2221 1863 2268 omnia&
1889 2221 2058 2285 singula
2095 2238 2201 2285 quae
2233 2239 2311 2271 au*

331 2289 510 2336 diebant
541 2305 597 2335 ex
620 2290 790 2345 Verbo,
831 2287 1082 2335 coelestium
1120 2303 1170 2334 ac
1209 2286 1504 2350 spiritualium
1529 2287 1911 2350 (repraesentati-va
1933 2289 1983 2334 ἃς
2019 2288 2311 2352 significativa

328 2356 493 2411 essent-3
527 2354 756 2411 dicebant,
798 2354 922 2418 quod
947 2356 1026 2401 suo
1047 2357 1265 2417 tempore,
1292 2369 1398 2400 cum
1432 2353 1678 2401 inmundo
1699 2355 1937 2410 vixerunt,
1963 2356 2310 2403 modus-eorum

330 2420 645 2483 cogitandi&
671 2421 901 2483 loquendi,
948 2434 1048 2467 tum
1071 2436 1253 2484 quoque
1271 2420 1517 2478 scribendi,
1557 2420 1654 2467 talis
1689 2418 1843 2477 fuerit,
1876 2419 1935 2468 δι.
1961 2421 2090 2484 quod
2129 2420 2216 2470 hoc
2247 2421 2315 2470 sav

331 2488 513 2552 pientiae
535 2502 691 2533 eorum
717 2487 932 2533 studium.
1205 2514 1207 2518 .
1384 2488 1397 2497 '
2238 2521 2258 2525 ⁷-

402 2569 512 2616 324.
549 2552 695 2612 Qiod
716 2554 1206 2617 autem.gentiles,ss.qui
1227 2554 1365 2602 hodie
1381 2553 1504 2611 funt,
1539 2554 1800 2610 concernit,-
1822 2553 2081 2602 illissnon-aeita
2102 2554 2315 2619 sapientes

333 2619 451 2675 sunt,
487 2618 556 2665 sed
597 2619 797 2681 plerique
838 2619 1057 2682 simplices
1082 2621 1251 2675 corde3
1290 2634 1337 2667 at
1368 2621 1506 2683 usque
1546 2621 1766 2682 recipiunt
1805 2620 2057 2683 sapientiam
2099 2622 2143 2667 in
2180 2621 2315 2673 altera

324 2687 427 2731 'vita
451 2686 482 2731 ii
505 2700 562 2731 ex
587 2684 691 2740 illis,
730 2685 809 2747 qui
834 2685 876 2730 in
907 2686 1118 2732 charitate
1142 2700 1300 2732 mutua
1322 2686 1536 2733 vixerunt
1561 2703 1573 2733 :
1618 2686 1676 2732 de
1697 2685 1859 2745 quibus
1895 2702 2037 2734 unum
2062 2687 2309 2734 alterumve

335 2751 597 2813 exemplum
625 2750 728 2797 licet
757 2749 923 2797 afferre.
995 2752 1117 2798 Cum
1156 2752 1245 2814 legi
1278 2752 1533 2814 Cap:xv11
1559 2752 1609 2799 &
1631 2766 1768 2798 xvxu
1796 2752 2017 2812 Judicum
2053 2752 2108 2799 de
2129 2751 2311 2809 Micha,

335 2818 461 2879 quod
501 2815 642 2862 Danis
687 2815 768 2862 filii
803 2816 1060 2864 abstulerint
1096 2815 1189 2881 ejus
1228 2817 1467 2880 Sculpt'rle,
1505 2817 1805 2880 Theraphim,
1844 2818 1894 2865 ὅτ
1931 2818 2159 2875 Levitam,
2201 2830 2310 2866 tunc

334 2895 424 2928 erat
443 2882 632 2943 Spiritus
654 2897 710 2928 ex
733 2882 990 2944 gentilibus,
1030 2885 1110 2946 qui
1135 2886 1179 2930 in
1203 2885 1301 2930 vita
1319 2884 1520 2947 cor-poris
1543 2883 1610 2930 sui
1642 2884 1903 2931 adoraverat
1918 2882 2120 2946 sculptile
2139 2905 2157 2938 ·,.
2199 2900 2315 2932 cunt

338 2959 503 2993 attente
537 2947 709 2993 audiret
731 2947 843 3009 quid
868 2945 1038 2994 fastum
1063 2948 1255 3004 Michae,
1295 2950 1344 2996 δε
1380 2951 1427 2995 in
1450 2965 1543 3012 quo
1576 2949 1730 2996 dolore
1755 2947 1858 3004 *fuit
1893 2960 2078 3012 propter
2111 2949 2313 3013 sculptile

339 3013 487 3067 suum,
521 3012 645 3075 quod
669 3011 938 3059 abstulerunt
962 3014 1164 3071 Danitae,
1185 3015 1320 3061 etiam
1345 3014 1476 3062 illum
1499 3015 1834 3078 superveniebat
1853 3013 1902 3059 &
1925 3014 2139 3063 afficiebat
2163 3016 2315 3073 dolor,

338 3079 479 3141 usque
502 3077 613 3124 adeo
636 3090 686 3123 ut
710 3078 789 3123 vix
811 3077 935 3125 sciret
959 3094 1054 3140 prae
1077 3080 1281 3126 interiore
1311 3080 1466 3126 dolore
1501 3081 1612 3143 quid
1648 3081 1862 3142 cogitaret
1883 3100 1897 3133 3
1943 3081 2022 3141 qui
2059 3081 2189 3128 dolor
2212 3098 2318 3145 per·

339 3157 494 3206 ceptus
508 3143 588 3199 est,
613 3145 661 3190 ὅτ
679 3141 809 3189 simul
829 3157 1036 3207 percepta
1059 3144 1313 3192 innocentia
1336 3148 1381 3193 in
1402 3146 1586 3209 lingulis
1601 3143 1695 3208 ejus
1714 3143 2047 3194 affectionibus:
2075 3147 2313 3195 Christiani

338 3214 471 3258 etiam
495 3209 671 3273 spiritus
711 3209 912 3266 aderant,
953 3212 1002 3259 &
1026 3211 1332 3269 observabant,
1372 3212 1432 3260 δῖ’
1463 3210 1610 3261 mirati
1647 3209 1765 3269 sunt,
1798 3211 1925 3273 quod
1956 3212 2168 3277 sculptilis
2203 3216 2312 3261 ado-

1302 3293 1324 3325 1
2194 3291 2313 3327 rator
