2546 3786
310 239 444 330 156
616 220 1993 306 Dz‚COEEo·m·1NFERNo:².

248 435 253 436 ⁷
302 385 425 419 mv:
445 384 522 433 30.
552 368 686 430 Cape
709 377 863 418 xxxx:
893 378 965 427 ις.
1005 362 1135 438 Cap:
1158 373 1244 419 κω
1265 377 1280 409 2
1305 375 1379 424 ¹7·
1422 367 1494 417 18-
1535 360 1736 437 ‚Zoephan
1763 379 1776 413 ε
1802 363 1842 410 C
1899 380 1931 412 ,π
1954 377 2019 438 131
2044 379 2063 414 τ,
2089 380 2160 416 12.
2191 369 2280 417 18:

303 435 428 482 Haec
442 434 605 482 omnia
626 432 726 481 loca
742 430 953 479 ‘videatur
972 426 1198 492 explicata
1213 423 1470 482 secuudum·
1482 426 1753 495 spiritualem
1776 427 1848 480 san
1974 445 2021 481 m
2043 430 2289 483 Anemo

304 500 672 555 Coetzsaexnus,
707 512 769 545 n:
800 509 971 559 10227.
1231 509 1241 517 ·’

814 678 938 756 De
992 673 1365 787 Conjugiis
1420 675 1496 754 in
1534 678 1778 783 Coelo,
1819 757 1823 763 .

315 886 423 951 365.
601 876 743 949 UIA
774 880 968 930 Coelum
998 879 1061 928 est
1099 897 1156 930 ex
1191 881 1420 931 Humano
1458 880 1650 938 Genese,
1703 881 1753 929 ὅτ
1793 880 1903 932 inde
1925 883 2092 947 Angeli
2132 887 2192 934 ibi
2235 903 2292 935 ex

453 883 829 1057 Qutroque
862 946 1000 1004 sexu,
1042 947 1091 994 ὅτ,
1124 948 1230 1010 quia
1269 963 1330 997 ex
1367 948 1591 997 creatione
1629 946 1712 1004 cst,
1750 948 1874 1010 quod
1909 949 2082 999 Mulier
2119 953 2171 1000 sit
2208 969 2293 1016 pro

637 1015 786 1072 Viro,
811 1029 861 1060 ac
877 1013 963 1061 Vir
985 1027 1071 1076 pro
1093 1013 1307 1069 Muliere,
1344 1014 1405 1061 ita
1426 1028 1543 1060 unus
1566 1011 1742 1062 alterius
1762 1034 1776 1068 ς
1817 1014 1869 1060 ὅε
1892 1015 2001 1076 quia
2020 1017 2196 1080 utrique
2219 1020 2294 1068 ille

305 1098 434 1133 arnor
467 1082 645 1131 innatus
675 1080 754 1136 est,
794 1077 993 1141 sequitur
1011 1078 1138 1140 quod
1164 1077 1392 1141 Conjugia
1417 1079 1462 1125 in
1486 1077 1631 1125 Coelis
1671 1078 1759 1128 sint
1792 1094 1923 1143 aeque
1960 1095 2010 1127 ac
2048 1083 2094 1128 in
2132 1085 2291 1141 terris;

308 1150 385 1201 sed
409 1145 636 1209 Conjugia
669 1147 715 1193 in
740 1141 885 1192 Coelis
917 1141 1050 1192 valde
1085 1142 1303 1191 differunt
1335 1159 1360 1190 a
1381 1141 1621 1206 Conjugiis
1654 1144 1700 1193 in
1740 1146 1880 1195 terris.
1949 1147 2118 1209 Qualia
2147 1148 2296 1213 itaque

308 1216 410 1267 sunt
432 1211 658 1276 Conjugia
679 1212 728 1257 in
750 1208 913 1266 Caelis,
931 1207 982 1255 &
1003 1207 1051 1256 in
1074 1223 1170 1271 quo
1190 1207 1409 1260 differunt
1443 1225 1469 1256 a
1490 1207 1732 1274 Coniugiis
1760 1212 1808 1258 in
1845 1212 1987 1268 terris,
2028 1214 2078 1261 ὅτ
2117 1214 2166 1262 in
2201 1231 2300 1279 quo.

309 1280 604 1332 conveniunt,
637 1276 683 1321 in
708 1289 828 1322 nunc
852 1271 1135 1336 sequentibus
1157 1273 1346 1324 dicetur.

380 1345 487 1407 367.
525 1338 809 1404 conjugium
851 1340 898 1386 in
939 1339 1086 1388 Coelis
1123 1339 1188 1388 est
1231 1338 1493 1403 conjunctio
1531 1340 1730 1388 duorum
1779 1341 1824 1388 in
1871 1357 2009 1391 unam
2048 1344 2258 1394 Mentem
2278 1368 2306 1403 3-

310 1410 453 1474 qualis
477 1404 834 1470 illa-conjunctio
853 1403 936 1461 est,
968 1405 1172 1468 primum
1196 1405 1523 1470 explicabitur:
1575 1407 1715 1455 Mens
1745 1407 1944 1456 consistit
1972 1425 2026 1461 ex
2050 1409 2165 1459 binis
2194 1428 2296 1475 par-

310 1475 449 1530 tibus,
483 1487 679 1537 quarum
710 1486 799 1520 una
819 1483 1009 1520 vocatur
1030 1471 1302 1529 Intellectus,
1327 1472 1463 1522 altera
1490 1472 1745 1530 Voluntas;
1779 1489 1890 1522 cum
1913 1474 2019 1523 duae
2042 1475 2131 1524 111ae
2153 1490 2301 1540 partes

311 1556 458 1590 unum
482 1549 641 1602 agunt,
681 1550 791 1587 tunc
814 1537 1030 1587 dicuntur
1063 1553 1152 1588 una
1172 1539 1345 1593 Mens;
1389 1538 1587 1589 Maritus
1609 1537 1672 1586 ibi
1702 1540 1798 1602 agit
1829 1540 1952 1588 illam
1975 1552 2168 1604 partem,
2191 1559 2301 1607 quae

308 1618 498 1655 vocatur
521 1604 792 1661 Intellee'tuS,
834 1604 883 1652 ὅτ
914 1603 1051 1651 Uxor
1090 1603 1215 1654 illam
1248 1619 1358 1666 quae
1389 1616 1578 1651 vocatur
1600 1603 1854 1654 Voluntas:
1903 1622 2012 1654 cum
2049 1607 2148 1657 haec
2186 1625 2301 1659 con·

303 1670 501 1735 junctio,
535 1685 641 1731 quae
663 1668 726 1717 est
749 1669 1032 1724 interiorum,
1071 1667 1299 1716 descendit
1320 1669 1368 1718 in
1391 1666 1600 1718 inferiora
1618 1684 1725 1732 quae
1743 1668 1849 1729 ,sunt
1876 1674 2079 1735 corporis
2119 1689 2299 1733 eorum,

311 1733 421 1791 tunc
444 1737 520 1783 illa
541 1734 787 1799 percipitur
815 1734 870 1781 -ὅε
906 1732 1090 1780 sentitur
1122 1745 1176 1781 ut
1209 1749 1355 1790 amor,
1397 1734 1437 1780 is
1472 1750 1601 1782 amor
1630 1734 1695 1782 est
1727 1750 1856 1783 amor
1874 1735 2156 1801 conjugialis.
2223 1740 2302 1790 Ex

310 1802 479 1868 quibus
502 1812 640 1865 patet,
672 1799 802 1862 quod
831 1813 960 1845 amor
982 1796 1251 1862 conjugialis
1285 1798 1509 1861 originem
1544 1799 1682 1847 ducat
1712 1816 1737 1847 a
1758 1799 2078 1864 conjunctione
2099 1804 2301 1856 duorum

311 1870 362 1916 in
393 1882 531 1915 unam
567 1875 801 1919 mentem·,
841 1863 929 1912 hoc
951 1877 1138 1912 vocatur
1171 1864 1218 1911 in
1253 1864 1395 1911 Coelo
1426 1862 1698 1922 cohabitatio
1721 1881 1769 1921 3²
1792 1866 1844 1913 ὅτ
1878 1867 2045 1916 dicitur
2074 1884 2167 1918 non
2203 1872 2300 1921 duo

311 1934 396 1982 effe
419 1932 491 1987 sed
515 1947 659 1980 unum
680 1951 696 1987 3
735 1943 1009 1995 quapropter
1031 1929 1127 1979 duo
1146 1927 1366 1994 conjuges
1389 1930 1436 1977 in
1457 1930 1594 1979 Coelo
1617 1946 1710 1980 non
1732 1944 1950 1982 vocantur
1971 1933 2066 1985 duo
2087 1934 2160 1984 sed
2184 1953 2303 1986 unus

315 2002 395 2048 An
430 1999 525 2046 elus
570 1998 629 2056 l).

385 2014 493 2129 3g68.
531 2003 675 2125 (guod
707 2065 845 2123 etiam
868 2059 964 2111 talis
1000 2060 1261 2125 conjunffio
1284 2061 1444 2111 Mariti
1468 2062 1518 2109 ὅτ
1541 2061 1722 2113 Πκοτίς
1744 2062 1798 2110 'in
1821 2063 2010 2120 intimis,
2045 2080 2152 2127 quae
2173 2082 2302 2116 men·

316 2132 452 2187 tium,
488 2130 558 2186 fit,
592 2130 721 2177 venit
740 2144 796 2174 ex
818 2125 913 2192 ipsa
934 2129 1155 2177 creatione
1175 2150 1190 2184 3
1221 2127 1307 2185 Vir
1328 2129 1451 2174 enim
1474 2126 1663 2176 nascitur
1686 2140 1737 2175 ut
1759 2128 1813 2175 fit
1827 2129 2148 2187 intellectualis,
2174 2133 2234 2181 ita
2251 2146 2305 2182 ut

318 2191 375 2243 ex
391 2194 626 2244 Intelleffitu
650 2195 837 2255 cogitet,
878 2192 1051 2240 Mulier
1067 2205 1216 2243 autem
1241 2205 1292 2241 ut
1313 2192 1366 2245 sit
1387 2193 1654 2250 voluntaria,
1695 2194 1755 2240 ita
1779 2206 1831 2242 ut
1849 2210 1909 2243 ex
1923 2195 2151 2244 voluntate
2174 2201 2301 2262 cogi-

321 2274 417 2316 tet·,
451 2260 577 2324 quod
598 2262 731 2307 etiarn
755 2270 876 2323 patet
899 2273 952 2304 ex
968 2256 1164 2321 cujusvis
1178 2259 1460 2309 inclinatione-
1478 2257 1550 2307 seu
1574 2271 1762 2308 connata
1782 2260 1950 2316 indole,
1984 2263 2101 2310 ut&
2126 2260 2303 2322 forum

316 2344 369 2375 ex
391 2327 540 2382 indble,
577 2325 701 2389 quod
720 2327 790 2372 vir
820 2341 875 2372 ex
908 2324 1076 2372 ratione
1110 2338 1232 2388 agat,
1275 2325 1436 2372 mulier
1473 2337 1626 2373 autem
1663 2341 1721 2373 ex
1758 2325 2024 2382 affectione3
2064 2344 2115 2375 ex
2137 2329 2304 2391 forma,

319 2393 446 2456 quod
485 2393 555 2438 vir
590 2392 643 2438 fit
683 2390 792 2442 facie
825 2390 1040 2454 asperiore
1079 2391 1129 2437 &
1171 2390 1507 2454 impulchriore,
1559 2391 1738 2454 loquela
1775 2393 1997 2453 graviore,
2026 2393 2078 2440 ὅτ
2117 2410 2305 2459 corpore

319 2459 518 2512 duriore,
565 2457 726 2504 mulier
764 2469 916 2504 autem
969 2454 1080 2502 facie
1120 2456 1285 2504 leviore
1328 2456 1378 2503 ὅτ
1425 2456 1696 2519 pulchriore,
1752 2456 1930 2520 loquela
1973 2459 2205 2517 teneriore,
2255 2465 2326 2519 &-

321 2539 508 2587 corpore
533 2524 768 2569 molliore:
810 2521 952 2569 limile
981 2521 1218 2570 discrimen
1248 2521 1312 2569 est
1351 2523 1465 2569 inter
1487 2522 1769 2571 Intellectum
1809 2525 1858 2569 &
1882 2522 2196 2582 Voluntatem,
2220 2526 2303 2581 ⁸seu

325 2593 439 2637 inter
475 2588 813 2650 Cogitationem
847 2588 898 2634 &
932 2587 1274 2644 Affectionem3
1320 2587 1464 2635 simile
1499 2588 1636 2635 etiam
1672 2589 1786 2634 inter
1806 2587 1979 2635 Verum
2017 2589 2068 2636 &
2107 2592 2306 2648 Bonum,

333 2659 381 2703 &
406 2654 545 2701 {imile
570 2657 683 2702 inter
705 2653 870 2700 Fidem
905 2653 952 2700 &
978 2655 1222 2711 Amorem,
1256 2668 1360 2701 nam
1383 2653 1557 2701 Verum
1581 2654 1632 2701 &
1654 2653 1787 2700 Fides
1826 2652 1926 2700 sunt
1950 2655 2211 2712 intellectu&
2253 2673 2303 2705 ac

328 2723 508 2768 Bonum
548 2722 596 2767 ὅτ
614 2722 765 2767 Amor
801 2718 900 2764 sunt
924 2718 1179 2766 voluntatis.
1248 2719 1360 2766 Inde
1383 2718 1465 2774 est,
1502 2719 1628 2782 quod
1653 2719 1697 2765 in
1722 2719 1875 2766 Verbo
1907 2735 1987 2783 per
2008 2722 2231 2780 Juvenem
2255 2725 2308 2770 δε

328 2788 495 2832 Virum
539 2786 586 2831 in
627 2785 839 2848 spirituali
878 2783 997 2831 sensu
1044 2784 1317 2849 intelligatur
1359 2784 1613 2832 Intellectus
1651 2786 1763 2842 veri,
1801 2801 1851 2833 ac
1885 2801 1965 2849 per
1986 2786 2223 2850 Virginem
2256 2790 2306 2835 &

2191 2854 2246 2898 M
2254 2871 2304 2900 u-

388 2962 451 3018 (l)
482 2961 605 3013 Qiod
639 2960 754 3001 hodie
786 2960 998 3010 nesciatur,
1029 2960 1121 3013 quid
1150 2960 1190 3002 &
1216 2960 1324 3001 unde
1351 2972 1467 3000 amor
1492 2957 1742 3013 conjugialis,
1771 2973 1802 3000 n
1819 2973 1832 3000 :
1854 2958 1977 3014 2727.
2036 2956 2158 3011 Quod
2192 2975 2305 3005 amor

327 3020 561 3075 conjugialis
592 3016 639 3059 fit
670 3017 769 3058 velle
798 3018 906 3071 quod
938 3018 1052 3072 alter,
1083 3018 1139 3058 ita
1162 3027 1311 3057 mutuo
1340 3015 1379 3057 &
1400 3017 1581 3066 viciffim‚
1614 3030 1641 3057 n
1661 3030 1671 3056 ε
1691 3029 1818 3074 2731.
1875 3014 1999 3067 Qod
2020 3017 2086 3069 qui
2107 3017 2147 3057 in
2169 3033 2306 3062 amore

329 3075 545 3132 conjugiali
563 3074 667 3123 sunt,
699 3075 738 3113 in
769 3074 917 3114 intimis
939 3075 1031 3113 vitae
1058 3074 1304 3122 cohabitent,
1338 3087 1362 3114 n
1385 3084 1395 3114 ε’
1419 3085 1546 3130 2732.
1576 3071 1701 3124 Quod
1719 3073 1767 3118 sit
1785 3070 1881 3112 unio
1900 3073 2068 3115 duarum
2087 3077 2302 3127 mentium,

332 3138 374 3176 ἃ
394 3134 445 3174 sic
467 3143 509 3172 ut
530 3146 579 3172 ex
600 3145 736 3172 amore
756 3143 881 3172 unum
904 3129 991 3178 fint,
1027 3145 1052 3171 n
1075 3145 1083 3171 :
1112 3131 1261 3173 10168.
1289 3131 1439 3189 10169.
1503 3130 1617 3173 Nam
1643 3131 1757 3173 amoi-
1783 3128 1999 3180 mentium.
2028 3131 2094 3184 qui
2117 3130 2171 3171 est
2191 3147 2306 3177 amor

329 3189 554 3246 spiritualis,
585 3187 641 3231 est
661 3187 774 3240 unio,
806 3202 860 3230 n:
886 3200 1008 3245 1594.
1032 3201 1157 3246 2057.
1191 3194 1316 3247 3939.
1345 3189 1477 3243 4018.
1502 3189 1631 3245 5807.
1659 3187 1787 3244 6195·
1816 3185 1923 3243 7081
1954 3186 2002 3231 ad
2026 3187 2150 3245 7086.
2175 3202 2303 3248 7501·

341 3260 493 3304 10130-
670 3275 672 3277 »
