2546 3786
561 264 685 328 12³2
745 261 947 328 con
975 208 1275 331 ndei*
1330 261 1936 328 INFE‘R‘NQ
2041 220 2043 222 ‘
2102 282 2251 348 229

250 402 403 456 gerent
426 392 543 453 stcut
572 394 772 458 splendor
801 382 981 458 em,
1018 388 1070 440 ΕΒ
1076 389 1194 449 ficut
1203 390 1353 450 stellae,
1387 384 1509 455 apud
1531 390 1766 453 Danielem
1788 393 1918 458 Cap:
1941 407 2046 442 xri:
2074 409 2135 456 3:
2170 393 2247 441 sed

257 461 474 524 explorati
498 460 614 518 sunt,
650 457 1081 570 nmfflaognitiones
1116 456 1298 504 illorum
1335 456 1571 506 residerent
1608 458 1676 505 in·
1694 461 1929 516 memoria,
1963 458 2036 507 vel
2059 473 2173 507 num
2197 459 2245 506 in

256 527 379 573 vita:
418 526 480 572 illi
520 529 599 590 qui
638 528 685 573 in
704 546 713 566 ,ι
806 521 954 568 ctione
977 522 1071 586 veri
1105 523 1298 584 genuina
1321 522 1518 579 fuerunt,
1555 524 1615 571 ita
1653 534 1840 587 propter
1878 523 1979 571 usus
2018 523 2240 587 separatos

255 606 281 637 a
303 592 527 654 corporeis
551 594 596 640 &
623 587 875 643 mundanis,
910 587 991 650 qui
1029 588 1075 634 in
1112 589 1154 636 se
1187 589 1290 636 sunt
1326 588 1431 636 usus
1467 589 1729 652 spiritualeS,
1765 588 2242 653 postquaminstrufti

253 655 371 713 sunt,
407 660 541 705 etiam
559 654 729 715 ,recepti
753 652 853 699 sunt
875 654 919 699 in
943 652 1133 709 c'oelum,
1167 654 1218 702 &
1242 666 1350 701 tunc
1372 654 1530 702 datum
1554 654 1618 701 est
1642 655 1726 702 illis
1750 654 1871 711 scire,
1906 654 2018 717 quid
2042 654 2241 718 splendet

251 721 298 769 in
324 723 462 780 coelo,
495 717 618 783 quod
657 734 819 781 nempe
851 717 904 765 fit
924 719 1151 766 Divinum
1175 720 1368 775 Verum,
1403 721 1528 783 quod
1569 720 1631 767 ibi
1670 720 1733 768 est
1756 720 1868 767 Lux
1905 720 2030 776 coeli,
2049 720 2114 767 ‘in
2135 718 2239 777 usu,-

250 790 332 850 qui
368 789 447 836 est·
460 782 665 848 planum,
701 784 826 847 quod
850 784 1009 846 recipit
1029 785 1177 832 radios
1199 785 1316 833 illius
1338 785 1468 843 lucis,
1503 787 1553 834 &
1576 786 1621 833 in
1644 785 1897 849 splendores
1918 787 2064 833 varios
2085 786 2237 836 vertit.

249 854 320 901 Illi
343 864 509 905 autern,
546 849 666 912 apud
690 865 805 912 quos
829 850 1109 912 cognitiones
1134 850 1276 900 modo
1298 850 1544 900 residebant
1567 852 1613 899 in
1639 854 1873 909 memoria,
1909 852 1958 898 &
1983 851 2087 899 inde
2108 848 2238 899 como'

247 927 394 982 parata
413 915 474 962 est
498 913 684 962 facultas
707 915 999 962 ratiocinandi
1022 914 1079 962 de
1102 916 1234 972 veris,
1269 931 1318 962 ac
1343 916 1641 963 confirmandi
1673 917 1748 964 illa
1770 933 1876 981 quae
1899 930 2158 980 receperunt
2182 928 2235 965 ut

222 983 482 1047 principia,
517 997 623 1044 quae
664 980 838 1028 tametsi
878 979 999 1037 falsa,
1034 979 1135 1044 post
1172 981 1563 1044 confirmationem
1592 982 1804 1030 viderunt
1842 983 1954 1030 ficut
1991 998 2127 1038 vera;
2168 983 2237 1030 illi

243 1049 348 1111 quia
389 1049 434 1093 in
474 1047 594 1105 nulla
632 1046 732 1094 luce
770 1046 879 1093 coeli
913 1044 1110 1103 fuerunt,
1147 1047 1196 1099 ὅτ
1220 1058 1371 1095 tamen
1403 1048 1447 1093 in
1481 1046 1572 1093 fide
1606 1061 1665 1092 ex
1696 1045 1827 1102 fastu,
1861 1049 1939 1110 qui
1963 1048 2234 1112 plerumque

242 1114 319 1161 tali
351 1113 661 1175 intelligentia-e
690 1111 904 1168 adhaeret,
939 1113 1067 1174 quod
1103 1113 1324 1160 doffiores
1363 1112 1459 1160 aliis
1493 1111 1648 1168 essent,
1682 1113 1730 1159 δε
1757 1112 1816 1159 fic
1838 1115 2016 1159 venturi
2049 1115 2095 1160 in
2131 1129 2231 1162 coe·

244 1179 361 1236 lum,
397 1180 446 1227 &
467 1178 592 1242 quod
616 1178 701 1225 illis
726 1178 895 1240 Angeli
918 1176 1152 1234 servituri,
1189 1179 1253 1226 illi
1292 1178 1411 1235 ideo,
1447 1190 1499 1239 ut
1534 1193 1590 1224 ex
1626 1177 1705 1224 sua.
1737 1176 1858 1225 fatua
1896 1177 1986 1225 fide
2026 1194 2233 1227 remove-

241 1259 411 1302 rentur,
446 1244 606 1291 sublati
625 1242 727 1291 sunt
749 1243 1032 1307 ad-primum
1057 1244 1135 1292 seu
1154 1245 1371 1292 ultimum
1396 1242 1588 1300 coelum,
1624 1256 1675 1291 ut
1711 1244 1757 1290 in
1798 1243 2051 1291 societatem
2086 1259 2233 1307 quan-

240 1312 346 1359 dam
373 1311 620 1373 angelicam
646 1310 980 1367 inducerentur,
1017 1308 1094 1358 sed
1127 1327 1234 1358 cum
1271 1311 1318 1357 in
1354 1311 1546 1358 introitu
1584 1322 1724 1366 erant,
1759 1310 1815 1356 ad
1849 1309 2074 1356 influxum
2116 1310 2234 1358 lucis

240 1377 348 1424 coeli
387 1377 656 1440 incipiebant
696 1376 887 1439 caligare
925 1376 1085 1432 oculiS,
1132 1377 1241 1423 dein
1275 1377 1525 1439 perturbari.
1558 1376 1802 1432 intellefiu,
1839 1376 2029 1422 demum
2059 1374 2231 1424 trahere

239 1445 434 1490 animam
467 1444 578 1491 ficut
612 1441 907 1498 moribundi;
944 1444 991 1490 &
1017 1458 1124 1489 cum
1147 1441 1354 1490 sentirent
1377 1444 1568 1490 calorem
1594 1442 1719 1497 coeli,
1753 1441 1839 1504 qui
1871 1440 1934 1488 est
1969 1455 2099 1488 amor.
2130 1456 2231 1489 coe-

241 1509 372 1564 lestis,
394 1509 660 1572 incipiebant
684 1510 803 1556 intus
826 1509 1037 1564 cruciari;
1063 1521 1337 1572 quapropter
1359 1508 1464 1559 inde
1485 1505 1643 1570 dejecti
1667 1507 1794 1562 sunt3
1818 1523 1867 1554 ac
1885 1507 1988 1553 dein
2006 1506 2230 1564 instructi,

242 1577 367 1636 quod
390 1576 668 1638 cognitiones
692 1590 783 1622 non
805 1573 966 1621 faciant
990 1574 1242 1636 Angelum,
1281 1574 1353 1620 sed
1377 1574 1469 1637 ipsa
1489 1575 1597 1629 vita,
1633 1588 1770 1635 quam
1794 1574 1945 1635 adepti
1967 1587 2047 1635 per
2069 1574 2230 1636 cogni·

239 1643 382 1688 tiones
402 1653 426 1695 ς
452 1643 668 1703 quoniam
708 1641 988 1701 cognitiones
1028 1641 1074 1686 in
1114 1639 1155 1686 se
1192 1639 1398 1702 spectatae
1432 1641 1532 1686 sunt
1563 1651 1686 1686 extra
1707 1638 1898 1695 eoelum,
1933 1638 2007 1685 sed
2031 1641 2126 1685 vita
2147 1654 2228 1702 per·

238 1707 518 1769 cognitiones
541 1707 656 1752 intra
678 1706 866 1752 coelum.

306 1787 415 1833 519·
456 1771 698 1833 Postquam
725 1771 916 1832 Spiritus
938 1770 985 1817 in
1009 1770 1118 1816 locis
1141 1769 1400 1833 suprad-ictis
1423 1785 1506 1832 per
1526 1768 1838 1817 instructiones
1856 1769 2091 1833 praeparati
2125 1769 2231 1818 sunt

238 1837 291 1882 ad
328 1838 520 1892 coelum,
555 1836 681 1898 quod
722 1834 775 1882 fit
816 1836 928 1882 intra
966 1836 1100 1882 breve
1139 1849 1338 1899 tempus,
1372 1849 1428 1881 cx
1452 1834 1576 1882 causa
1599 1836 1702 1897 quia
1724 1838 1771 1881 in
1795 1835 2092 1897 spiritualibus
2117 1836 2228 1884 ideis

237 1901 354 1957 sunt,
390 1918 495 1963 quae
535 1902 663 1964 plura
700 1901 832 1947 simul
873 1901 1279 1964 comprehendunt,
1323 1913 1432 1948 tunc
1471 1901 1724 1954 induuntur
1763 1900 1956 1947 vestibus
1997 1901 2228 1964 angelicis,

238 1983 343 2030 quae
380 1968 648 2031 plerumque
687 1967 894 2014 candidae
933 1965 1035 2013 sunt
1066 1967 1177 2013 ficut
1208 1983 1263 2014 ex
1296 1967 1435 2029 bysso,
1471 1967 1520 2013 &
1545 1967 1604 2012 sic
1635 1964 1837 2014 feruntur
1869 1966 1923 2013 ad
1947 1967 2084 2022 viam,
2119 1982 2228 2030 quae

237 2033 406 2079 sursum
450 2033 593 2079 tendit
625 2033 683 2080 ad
718 2033 909 2090 coelum,
945 2049 994 2080 ac
1025 2034 1262 2079 traduntur
1297 2033 1464 2094 angelis
1500 2031 1758 2079 custodibus
1793 2032 1873 2088 ibi,
1911 2033 1958 2078 ὅτ
1985 2033 2089 2078 dein
2112 2034 2225 2093 reci·

236 2099 424 2161 piuntur
462 2098 518 2145 ab
555 2099 648 2145 aliis
689 2099 898 2158 Angelis,
945 2113 996 2144 ac
1035 2099 1082 2144 in
1118 2097 1345 2145 societates
1386 2098 1753 2152 introducuntur,
1803 2098 1851 2144 ὅτ
1888 2098 1934 2150 in
1973 2097 2122 2160 plures
2163 2099 2226 2146 ibi

235 2162 502 2212 faustitates:
539 2163 726 2227 quisque
765 2165 869 2211 dein
908 2164 953 2211 in
994 2164 1116 2212 suam
1157 2163 1411 2211 societatem
1449 2179 1472 2209 a
1498 2164 1702 2209 Domino
1735 2161 1905 2217 fertur3
1941 2163 2067 2225 quod
2089 2164 2224 2211 etiam

237 2230 289 2275 fit
336 2245 415 2292 per
460 2231 598 2276 varias
645 2231 756 2286 vias,
807 2230 1079 2292 quandoque
1123 2245 1202 2292 per
1246 2229 1487 2291 ambages-z
1539 2229 1659 2285 viaS,
1695 2244 1782 2298 per
1824 2243 1935 2291 quas
1979 2229 2223 2285 ducuntur,

239 2294 389 2342 nullus
413 2296 622 2358 Angelus
638 2294 734 2352 scit,
770 2295 843 2342 sed
880 2295 995 2343 solus
1034 2297 1292 2343 Dominus:
1330 2311 1438 2342 cum
1474 2294 1530 2341 ad
1568 2294 1688 2341 suam
1729 2294 1979 2342 societatem
2015 2296 2229 2351 veniunt,

235 2372 343 2406 tunc
377 2363 636 2424 aperiuntur
669 2362 874 2408 interiora
907 2376 1084 2418 eorum,
1120 2377 1226 2423 quae
1263 2363 1370 2423 quia
1407 2358 1659 2408 conformia
1698 2359 1799 2407 sunt
1833 2360 2116 2415 interioribus
2146 2377 2223 2407 an-

234 2425 460 2488 gelorum,
496 2427 576 2490 qui
617 2428 664 2474 in
703 2427 776 2474 illa
812 2426 1018 2476 societate
1053 2426 1169 2484 sunt,
1206 2427 1314 2475 ideo
1341 2424 1643 2490 agnoscuntur
1676 2426 1818 2484 illico,
1849 2427 1898 2474 δε
1920 2441 2026 2473 cum
2051 2426 2223 2489 gaudio

233 2492 521 2557 recipiuntur.
931 2539 954 2552 κ
1138 2528 1140 2530 -

301 2573 411 2619 520.
440 2558 542 2604 His
578 2558 717 2606 velim
754 2557 944 2622 adjicere
982 2557 1151 2622 aliquid
1191 2557 1480 2615 memorabile
1519 2558 1576 2606 de
1613 2559 1717 2616 viis,
1752 2573 1859 2621 quae
1897 2574 1953 2605 ex
1989 2557 2075 2606 illis
2113 2559 2225 2606 locis

235 2622 408 2683 ducunt
443 2624 499 2670 ad
537 2625 727 2677 coelum,
781 2627 830 2672 ὅτ
871 2641 948 2688 per
987 2640 1098 2687 quas
1137 2625 1488 2672 introducuntur
1527 2625 1689 2673 novitii
1720 2624 1923 2687 Angeli:
1977 2624 2075 2671 sunt
2116 2625 2222 2672 οὲὶο

232 2687 352 2746 Viae,
390 2690 508 2736 binae
549 2689 606 2736 ab
646 2693 904 2753 unoquovis
940 2690 1042 2737 loco
1077 2688 1401 2747 instructioniS,
1430 2706 1518 2738 una
1557 2690 1754 2740 ascendit
1792 2688 1940 2736 versus
1965 2691 2229 2749 Orientem,⁴

232 2752 363 2811 altera
402 2756 458 2802 ad
500 2755 827 2803 Occidentem:
865 2759 945 2819 qui
984 2757 1030 2802 in
1069 2756 1287 2818 Regnum
1328 2756 1506 2804 coeleste
1541 2757 1733 2813 Domini
1772 2755 1974 2811 veniunt,
2013 2756 2218 2802 introdu-

236 2830 499 2885 cuntur-uper
522 2823 642 2867 viam
667 2822 958 2876 orientalem;
993 2822 1072 2884 qui
1096 2835 1247 2868 autem
1270 2823 1326 2868 ad
1352 2824 1568 2884 Regnum
1594 2821 1840 2884 spirituale,
1869 2821 2220 2869 introducuntur.

233 2900 315 2949 per
353 2885 851 2944 viamoccidentalem.
920 2889 1134 2946 Qatuor
1164 2888 1286 2943 Viae,
1319 2903 1436 2950 ‘quae
1475 2888 1651 2934 ducunt
1687 2886 1994 2949 ad‘Regnum
2035 2887 2217 2941 coeleste

233 2949 444 3004 Domini,
479 2965 689 3016 apparent
729 2964 899 3000 ornatae
936 2954 1051 3000 oleis
1081 2953 1131 2999 &
1168 2953 1396 2999 arboribus
1434 2951 1673 3000 fructiferis
1712 2952 1821 2998 varii
1857 2953 2064 3013 generis;
2111 2969 2216 3016 quae

233 3027 384 3062 autem
424 3015 687 3078 ducungssd
725 3021 938 3081 Regnum
974 3018 1193 3081 spirituale
1216 3019 1426 3075 Domini,
1462 3030 1672 3082 apparent
1695 3031 1864 3063 ornatae
1888 3018 2027 3064 vineis
2049 3020 2097 3065 &
2123 3021 2217 3065 lau·.

233 3083 347 3128 reis:
386 3080 561 3151 hoc-ex
594 3083 994 3148 correspondentia,
1027 3083 1133 3147 quia
1154 3085 1300 3132 vineae
1335 3087 1383 3132 &
1420 3084 1568 3132 laurus
1604 3082 1954 3145 correspondent
1991 3083 2219 3131 affeffioni·

232 3147 328 3193 veri
366 3146 416 3193 &
455 3160 549 3208 ejus
589 3147 753 3210 usibus,
787 3166 836 3197 ac
858 3151 969 3199 oleae
990 3150 1040 3198 &
1064 3148 1235 3198 frustus
1271 3149 1620 3215 correspondent
1653 3149 1877 3198 affectioni
1919 3149 2214 3209 boni-&vejus

234 3211 405 3260 usibus..

2065 3279 2223 3340 Qod.
