<?xml version="1.0" encoding="UTF-8"?>
<!DOCTYPE html PUBLIC "-//W3C//DTD XHTML 1.0 Transitional//EN"
    "http://www.w3.org/TR/xhtml1/DTD/xhtml1-transitional.dtd">
<html xmlns="http://www.w3.org/1999/xhtml" xml:lang="en" lang="en">
 <head>
  <title>
</title>
<meta http-equiv="Content-Type" content="text/html;charset=utf-8" />
  <meta name='ocr-system' content='tesseract 3.04.00' />
  <meta name='ocr-capabilities' content='ocr_page ocr_carea ocr_par ocr_line ocrx_word'/>
</head>
<body>
  <div class='ocr_page' id='page_1' title='image "./decoeloetejusmir00swed_0009.png"; bbox 0 0 2546 3786; ppageno 0'>
   <div class='ocr_carea' id='block_1_1' title="bbox 638 200 2283 306">
    <p class='ocr_par' dir='ltr' id='par_1_1' title="bbox 638 200 2283 306">
     <span class='ocr_line' id='line_1_1' title="bbox 638 200 2283 306; baseline -0.001 -18"><span class='ocrx_word' id='word_1_1' title='bbox 638 216 1173 288; x_wconf 62' lang='lat' dir='ltr'>Das-COELO</span> <span class='ocrx_word' id='word_1_2' title='bbox 1233 240 1331 283; x_wconf 79' lang='lat' dir='ltr'>ET</span> <span class='ocrx_word' id='word_1_3' title='bbox 1387 200 1962 286; x_wconf 82' lang='lat' dir='ltr'>1NFERNo.</span> <span class='ocrx_word' id='word_1_4' title='bbox 2243 242 2283 306; x_wconf 76' lang='grc' dir='ltr'><em>ς</em></span> 
     </span>
    </p>
   </div>
   <div class='ocr_carea' id='block_1_2' title="bbox 305 345 2285 675">
    <p class='ocr_par' dir='ltr' id='par_1_2' title="bbox 305 345 2285 675">
     <span class='ocr_line' id='line_1_2' title="bbox 305 345 2285 413; baseline -0.002 -9"><span class='ocrx_word' id='word_1_5' title='bbox 305 354 419 406; x_wconf 80' lang='lat' dir='ltr'>ficut</span> <span class='ocrx_word' id='word_1_6' title='bbox 441 353 584 402; x_wconf 86' lang='lat' dir='ltr'>homo</span> <span class='ocrx_word' id='word_1_7' title='bbox 616 361 726 398; x_wconf 88' lang='lat' dir='ltr'>cum</span> <span class='ocrx_word' id='word_1_8' title='bbox 760 346 969 404; x_wconf 78' lang='lat' dir='ltr'>homine,</span> <span class='ocrx_word' id='word_1_9' title='bbox 1004 345 1055 393; x_wconf 87' lang='lat'>&amp;</span> <span class='ocrx_word' id='word_1_10' title='bbox 1079 361 1265 410; x_wconf 89' lang='lat' dir='ltr'>quoque</span> <span class='ocrx_word' id='word_1_11' title='bbox 1287 347 1442 397; x_wconf 86' lang='lat' dir='ltr'>videre</span> <span class='ocrx_word' id='word_1_12' title='bbox 1475 364 1582 412; x_wconf 86' lang='lat' dir='ltr'>quae</span> <span class='ocrx_word' id='word_1_13' title='bbox 1612 350 1658 396; x_wconf 90' lang='lat' dir='ltr'>in</span> <span class='ocrx_word' id='word_1_14' title='bbox 1683 349 1844 407; x_wconf 81' lang='lat' dir='ltr'>coelis,</span> <span class='ocrx_word' id='word_1_15' title='bbox 1878 361 1979 398; x_wconf 89' lang='lat' dir='ltr'>tum</span> <span class='ocrx_word' id='word_1_16' title='bbox 2002 363 2109 413; x_wconf 87' lang='lat' dir='ltr'>quae</span> <span class='ocrx_word' id='word_1_17' title='bbox 2139 349 2185 397; x_wconf 84' lang='lat' dir='ltr'>in</span> <span class='ocrx_word' id='word_1_18' title='bbox 2208 353 2285 400; x_wconf 63' lang='lat' dir='ltr'>In·-⁴</span> 
     </span>
     <span class='ocr_line' id='line_1_3' title="bbox 305 412 2283 479; baseline -0.002 -10"><span class='ocrx_word' id='word_1_19' title='bbox 305 421 456 477; x_wconf 77' lang='lat' dir='ltr'>ferniS,</span> <span class='ocrx_word' id='word_1_20' title='bbox 495 420 543 469; x_wconf 76' lang='grc' dir='ltr'>δε</span> <span class='ocrx_word' id='word_1_21' title='bbox 567 416 655 464; x_wconf 78' lang='lat' dir='ltr'>iioc</span> <span class='ocrx_word' id='word_1_22' title='bbox 675 428 757 479; x_wconf 87' lang='lat' dir='ltr'>per</span> <span class='ocrx_word' id='word_1_23' title='bbox 777 412 995 461; x_wconf 73' lang='lat' dir='ltr'>tredecim</span> <span class='ocrx_word' id='word_1_24' title='bbox 1025 426 1200 468; x_wconf 79' lang='lat' dir='ltr'>annos;</span> <span class='ocrx_word' id='word_1_25' title='bbox 1245 413 1305 461; x_wconf 87' lang='lat' dir='ltr'>ita</span> <span class='ocrx_word' id='word_1_26' title='bbox 1340 430 1461 463; x_wconf 87' lang='lat' dir='ltr'>nune</span> <span class='ocrx_word' id='word_1_27' title='bbox 1499 414 1573 462; x_wconf 92' lang='lat' dir='ltr'>illa</span> <span class='ocrx_word' id='word_1_28' title='bbox 1600 431 1657 463; x_wconf 86' lang='lat' dir='ltr'>ex</span> <span class='ocrx_word' id='word_1_29' title='bbox 1677 415 1795 462; x_wconf 78' lang='lat' dir='ltr'>Visis</span> <span class='ocrx_word' id='word_1_30' title='bbox 1828 418 1877 464; x_wconf 76' lang='grc' dir='ltr'>δε</span> <span class='ocrx_word' id='word_1_31' title='bbox 1902 415 2088 464; x_wconf 86' lang='lat' dir='ltr'><strong>Auditis</strong></span> <span class='ocrx_word' id='word_1_32' title='bbox 2119 416 2283 464; x_wconf 87' lang='lat' dir='ltr'>descri-</span> 
     </span>
     <span class='ocr_line' id='line_1_4' title="bbox 306 477 2283 548; baseline -0.003 -13"><span class='ocrx_word' id='word_1_33' title='bbox 306 488 457 542; x_wconf 52' lang='lat' dir='ltr'>bere,</span> <span class='ocrx_word' id='word_1_34' title='bbox 477 483 651 548; x_wconf 81' lang='lat' dir='ltr'>sperans</span> <span class='ocrx_word' id='word_1_35' title='bbox 688 477 1081 541; x_wconf 64' lang='lat' dir='ltr'>s1c¹&#39;÷ignorantiam</span> <span class='ocrx_word' id='word_1_36' title='bbox 1122 477 1344 538; x_wconf 85' lang='lat' dir='ltr'>illustrari,</span> <span class='ocrx_word' id='word_1_37' title='bbox 1377 482 1428 528; x_wconf 75' lang='grc' dir='ltr'>’δι</span> <span class='ocrx_word' id='word_1_38' title='bbox 1465 480 1822 528; x_wconf 79' lang='lat' dir='ltr'><strong>incredulitatem</strong></span> <span class='ocrx_word' id='word_1_39' title='bbox 1858 482 2066 545; x_wconf 85' lang='lat' dir='ltr'>diffipari.</span> <span class='ocrx_word' id='word_1_40' title='bbox 2135 482 2283 541; x_wconf 91' lang='lat' dir='ltr'>Quod</span> 
     </span>
     <span class='ocr_line' id='line_1_5' title="bbox 306 543 2283 612; baseline -0.003 -11"><span class='ocrx_word' id='word_1_41' title='bbox 306 553 441 601; x_wconf 87' lang='lat' dir='ltr'>hodie</span> <span class='ocrx_word' id='word_1_42' title='bbox 463 547 722 602; x_wconf 85' lang='lat' dir='ltr'>immediata</span> <span class='ocrx_word' id='word_1_43' title='bbox 759 544 860 591; x_wconf 88' lang='lat' dir='ltr'>talis</span> <span class='ocrx_word' id='word_1_44' title='bbox 886 543 1124 592; x_wconf 89' lang='lat' dir='ltr'>Revelatio</span> <span class='ocrx_word' id='word_1_45' title='bbox 1148 543 1321 603; x_wconf 86' lang='lat' dir='ltr'>existat,</span> <span class='ocrx_word' id='word_1_46' title='bbox 1363 545 1427 594; x_wconf 91' lang='lat' dir='ltr'>est</span> <span class='ocrx_word' id='word_1_47' title='bbox 1458 546 1565 610; x_wconf 88' lang='lat' dir='ltr'>quia</span> <span class='ocrx_word' id='word_1_48' title='bbox 1598 547 1672 595; x_wconf 86' lang='lat' dir='ltr'>illa</span> <span class='ocrx_word' id='word_1_49' title='bbox 1694 546 1758 595; x_wconf 90' lang='lat' dir='ltr'>est</span> <span class='ocrx_word' id='word_1_50' title='bbox 1780 562 1887 611; x_wconf 85' lang='lat' dir='ltr'>quae</span> <span class='ocrx_word' id='word_1_51' title='bbox 1907 562 1988 612; x_wconf 89' lang='lat' dir='ltr'>per</span> <span class='ocrx_word' id='word_1_52' title='bbox 2010 547 2283 596; x_wconf 82' lang='lat' dir='ltr'>Adventum</span> 
     </span>
     <span class='ocr_line' id='line_1_6' title="bbox 306 609 809 675; baseline -0.02 -7"><span class='ocrx_word' id='word_1_53' title='bbox 306 617 499 668; x_wconf 80' lang='lat' dir='ltr'>Domini</span> <span class='ocrx_word' id='word_1_54' title='bbox 530 609 809 675; x_wconf 77' lang='lat' dir='ltr'>intel-ligitur.</span> 
     </span>
    </p>
   </div>
   <div class='ocr_carea' id='block_1_3' title="bbox 608 791 1973 912">
    <p class='ocr_par' dir='ltr' id='par_1_3' title="bbox 608 791 1973 912">
     <span class='ocr_line' id='line_1_7' title="bbox 608 791 1973 912; baseline 0.004 -34"><span class='ocrx_word' id='word_1_55' title='bbox 608 801 843 912; x_wconf 81' lang='lat' dir='ltr'>Qod</span> <span class='ocrx_word' id='word_1_56' title='bbox 905 799 1277 879; x_wconf 87' lang='lat' dir='ltr'>Dominus</span> <span class='ocrx_word' id='word_1_57' title='bbox 1337 799 1424 879; x_wconf 86' lang='lat' dir='ltr'>fit</span> <span class='ocrx_word' id='word_1_58' title='bbox 1481 802 1692 879; x_wconf 76' lang='lat' dir='ltr'>Deus</span> <span class='ocrx_word' id='word_1_59' title='bbox 1718 791 1721 794; x_wconf 31' lang='lat'><em>⁴</em></span> <span class='ocrx_word' id='word_1_60' title='bbox 1750 804 1973 884; x_wconf 76' lang='lat' dir='ltr'>Coeli.</span> 
     </span>
    </p>
   </div>
   <div class='ocr_carea' id='block_1_4' title="bbox 276 996 2304 1991">
    <p class='ocr_par' dir='ltr' id='par_1_4' title="bbox 304 996 2291 1071">
     <span class='ocr_line' id='line_1_8' title="bbox 304 996 2291 1071; baseline -0.001 -17"><span class='ocrx_word' id='word_1_61' title='bbox 304 1029 352 1062; x_wconf 62' lang='grc' dir='ltr'>ιι.</span> <span class='ocrx_word' id='word_1_62' title='bbox 484 1005 682 1055; x_wconf 87' lang='lat' dir='ltr'>Rimum</span> <span class='ocrx_word' id='word_1_63' title='bbox 703 996 786 1051; x_wconf 87' lang='lat' dir='ltr'>erit</span> <span class='ocrx_word' id='word_1_64' title='bbox 818 1001 925 1050; x_wconf 90' lang='lat' dir='ltr'>scire</span> <span class='ocrx_word' id='word_1_65' title='bbox 955 1003 1056 1067; x_wconf 89' lang='lat' dir='ltr'>quis</span> <span class='ocrx_word' id='word_1_66' title='bbox 1078 1003 1207 1051; x_wconf 89' lang='lat' dir='ltr'>Deus</span> <span class='ocrx_word' id='word_1_67' title='bbox 1229 1001 1354 1051; x_wconf 89' lang='lat' dir='ltr'>Coeli</span> <span class='ocrx_word' id='word_1_68' title='bbox 1376 1002 1456 1059; x_wconf 89' lang='lat' dir='ltr'>est,</span> <span class='ocrx_word' id='word_1_69' title='bbox 1491 1003 1705 1067; x_wconf 89' lang='lat' dir='ltr'>quoniam</span> <span class='ocrx_word' id='word_1_70' title='bbox 1742 1003 1910 1068; x_wconf 88' lang='lat' dir='ltr'>reliqua</span> <span class='ocrx_word' id='word_1_71' title='bbox 1932 1004 2035 1054; x_wconf 86' lang='lat' dir='ltr'>inde</span> <span class='ocrx_word' id='word_1_72' title='bbox 2056 1009 2291 1071; x_wconf 74' lang='lat' dir='ltr'>pendentt:</span> 
     </span>
    </p>

    <p class='ocr_par' dir='ltr' id='par_1_5' title="bbox 276 1012 2304 1991">
     <span class='ocr_line' id='line_1_9' title="bbox 372 1012 2288 1139; baseline 0.002 -19"><span class='ocrx_word' id='word_1_73' title='bbox 372 1012 470 1139; x_wconf 86' lang='lat' dir='ltr'>P</span> <span class='ocrx_word' id='word_1_74' title='bbox 508 1074 554 1120; x_wconf 87' lang='lat' dir='ltr'>in</span> <span class='ocrx_word' id='word_1_75' title='bbox 578 1068 803 1120; x_wconf 84' lang='lat' dir='ltr'>Universo</span> <span class='ocrx_word' id='word_1_76' title='bbox 819 1068 958 1118; x_wconf 90' lang='lat' dir='ltr'>Coelo</span> <span class='ocrx_word' id='word_1_77' title='bbox 989 1085 1082 1117; x_wconf 89' lang='lat' dir='ltr'>non</span> <span class='ocrx_word' id='word_1_78' title='bbox 1115 1069 1226 1116; x_wconf 88' lang='lat' dir='ltr'>alius</span> <span class='ocrx_word' id='word_1_79' title='bbox 1259 1068 1518 1133; x_wconf 87' lang='lat' dir='ltr'>agnoscitur</span> <span class='ocrx_word' id='word_1_80' title='bbox 1555 1085 1641 1134; x_wconf 91' lang='lat' dir='ltr'>pro</span> <span class='ocrx_word' id='word_1_81' title='bbox 1674 1071 1778 1118; x_wconf 89' lang='lat' dir='ltr'>Deo</span> <span class='ocrx_word' id='word_1_82' title='bbox 1808 1071 1938 1119; x_wconf 84' lang='lat' dir='ltr'>Coeli</span> <span class='ocrx_word' id='word_1_83' title='bbox 1978 1089 2117 1136; x_wconf 89' lang='lat' dir='ltr'>quam</span> <span class='ocrx_word' id='word_1_84' title='bbox 2155 1076 2288 1123; x_wconf 86' lang='lat' dir='ltr'>Solus</span> 
     </span>
     <span class='ocr_line' id='line_1_10' title="bbox 306 1133 2289 1203; baseline 0.001 -16"><span class='ocrx_word' id='word_1_85' title='bbox 306 1140 570 1195; x_wconf 76' lang='lat' dir='ltr'>Dominus3</span> <span class='ocrx_word' id='word_1_86' title='bbox 606 1137 764 1195; x_wconf 84' lang='lat' dir='ltr'>dicunt</span> <span class='ocrx_word' id='word_1_87' title='bbox 787 1135 849 1183; x_wconf 87' lang='lat' dir='ltr'>ibi</span> <span class='ocrx_word' id='word_1_88' title='bbox 873 1134 987 1183; x_wconf 86' lang='lat' dir='ltr'>ficut</span> <span class='ocrx_word' id='word_1_89' title='bbox 1006 1133 1103 1199; x_wconf 88' lang='lat' dir='ltr'>Ipse</span> <span class='ocrx_word' id='word_1_90' title='bbox 1120 1135 1298 1191; x_wconf 86' lang='lat' dir='ltr'>docuit,</span> <span class='ocrx_word' id='word_1_91' title='bbox 1334 1136 1443 1201; x_wconf 86' lang='lat' dir='ltr'>quod</span> <span class='ocrx_word' id='word_1_92' title='bbox 1470 1137 1590 1184; x_wconf 90' lang='lat' dir='ltr'>Unus</span> <span class='ocrx_word' id='word_1_93' title='bbox 1609 1136 1676 1196; x_wconf 87' lang='lat' dir='ltr'>stt</span> <span class='ocrx_word' id='word_1_94' title='bbox 1699 1152 1790 1184; x_wconf 89' lang='lat' dir='ltr'>cum</span> <span class='ocrx_word' id='word_1_95' title='bbox 1811 1138 1950 1185; x_wconf 84' lang='lat' dir='ltr'>Patre</span> <span class='ocrx_word' id='word_1_96' title='bbox 1968 1160 1994 1194; x_wconf 78' lang='lat'>3.</span> <span class='ocrx_word' id='word_1_97' title='bbox 2022 1141 2132 1203; x_wconf 85' lang='lat' dir='ltr'>quod</span> <span class='ocrx_word' id='word_1_98' title='bbox 2151 1143 2289 1189; x_wconf 80' lang='lat' dir='ltr'>Pater</span> 
     </span>
     <span class='ocr_line' id='line_1_11' title="bbox 303 1199 2293 1272; baseline 0.002 -20"><span class='ocrx_word' id='word_1_99' title='bbox 303 1210 353 1255; x_wconf 80' lang='lat' dir='ltr'>in</span> <span class='ocrx_word' id='word_1_100' title='bbox 376 1207 484 1269; x_wconf 86' lang='lat' dir='ltr'>Ipso,</span> <span class='ocrx_word' id='word_1_101' title='bbox 524 1203 579 1252; x_wconf 73' lang='lat'>&amp;3</span> <span class='ocrx_word' id='word_1_102' title='bbox 601 1202 694 1267; x_wconf 72' lang='lat' dir='ltr'>Ipſse</span> <span class='ocrx_word' id='word_1_103' title='bbox 726 1203 772 1249; x_wconf 84' lang='lat' dir='ltr'>in</span> <span class='ocrx_word' id='word_1_104' title='bbox 793 1202 932 1249; x_wconf 83' lang='lat' dir='ltr'>Patre</span> <span class='ocrx_word' id='word_1_105' title='bbox 949 1220 964 1250; x_wconf 91' lang='lat'><em>:</em></span> <span class='ocrx_word' id='word_1_106' title='bbox 1014 1199 1070 1250; x_wconf 80' lang='lat'><em>&amp;</em></span> <span class='ocrx_word' id='word_1_107' title='bbox 1091 1201 1202 1265; x_wconf 84' lang='lat' dir='ltr'>quod</span> <span class='ocrx_word' id='word_1_108' title='bbox 1231 1204 1304 1266; x_wconf 85' lang='lat' dir='ltr'>qui</span> <span class='ocrx_word' id='word_1_109' title='bbox 1338 1202 1461 1250; x_wconf 87' lang='lat' dir='ltr'>videt</span> <span class='ocrx_word' id='word_1_110' title='bbox 1484 1202 1642 1263; x_wconf 66' lang='lat' dir='ltr'>Ipfitm,</span> <span class='ocrx_word' id='word_1_111' title='bbox 1676 1202 1825 1251; x_wconf 81' lang='lat' dir='ltr'>videat</span> <span class='ocrx_word' id='word_1_112' title='bbox 1848 1204 2030 1252; x_wconf 85' lang='lat' dir='ltr'>Patrem</span> <span class='ocrx_word' id='word_1_113' title='bbox 2046 1224 2063 1253; x_wconf 91' lang='grc'>.·</span> <span class='ocrx_word' id='word_1_114' title='bbox 2104 1207 2160 1256; x_wconf 66' lang='lat'>&amp;⁹</span> <span class='ocrx_word' id='word_1_115' title='bbox 2182 1210 2293 1272; x_wconf 86' lang='lat' dir='ltr'>quod</span> 
     </span>
     <span class='ocr_line' id='line_1_12' title="bbox 307 1267 2288 1338; baseline 0 -16"><span class='ocrx_word' id='word_1_116' title='bbox 307 1289 423 1322; x_wconf 84' lang='lat' dir='ltr'>omne</span> <span class='ocrx_word' id='word_1_117' title='bbox 455 1272 651 1318; x_wconf 63' lang='lat' dir='ltr'>Sannum</span> <span class='ocrx_word' id='word_1_118' title='bbox 689 1267 745 1315; x_wconf 87' lang='lat' dir='ltr'>ab</span> <span class='ocrx_word' id='word_1_119' title='bbox 769 1268 864 1330; x_wconf 87' lang='lat' dir='ltr'>Ipso</span> <span class='ocrx_word' id='word_1_120' title='bbox 894 1267 1116 1330; x_wconf 81' lang='lat' dir='ltr'>procedat,</span> <span class='ocrx_word' id='word_1_121' title='bbox 1168 1268 1294 1329; x_wconf 86' lang='lat' dir='ltr'>Joh:</span> <span class='ocrx_word' id='word_1_122' title='bbox 1321 1283 1381 1315; x_wconf 84' lang='lat' dir='ltr'>x:</span> <span class='ocrx_word' id='word_1_123' title='bbox 1404 1284 1480 1330; x_wconf 81' lang='lat'>30.</span> <span class='ocrx_word' id='word_1_124' title='bbox 1507 1270 1586 1332; x_wconf 84' lang='lat'>38.</span> <span class='ocrx_word' id='word_1_125' title='bbox 1635 1269 1733 1333; x_wconf 88' lang='lat' dir='ltr'>Cap</span> <span class='ocrx_word' id='word_1_126' title='bbox 1752 1284 1903 1317; x_wconf 82' lang='lat' dir='ltr'><strong>:·x1v:</strong></span> <span class='ocrx_word' id='word_1_127' title='bbox 1929 1286 2002 1320; x_wconf 87' lang='grc' dir='ltr'>ιο.</span> <span class='ocrx_word' id='word_1_128' title='bbox 2034 1289 2104 1321; x_wconf 86' lang='lat'>11.</span> <span class='ocrx_word' id='word_1_129' title='bbox 2162 1274 2288 1338; x_wconf 86' lang='lat' dir='ltr'>Cap:</span> 
     </span>
     <span class='ocr_line' id='line_1_13' title="bbox 304 1333 2290 1400; baseline 0.002 -15"><span class='ocrx_word' id='word_1_130' title='bbox 304 1354 392 1387; x_wconf 65' lang='lat' dir='ltr'>‚xvx</span> <span class='ocrx_word' id='word_1_131' title='bbox 414 1357 425 1386; x_wconf 78' lang='lat' dir='ltr'><strong><em>z</em></strong></span> <span class='ocrx_word' id='word_1_132' title='bbox 449 1354 467 1385; x_wconf 89' lang='lat'>1</span> <span class='ocrx_word' id='word_1_133' title='bbox 478 1354 503 1400; x_wconf 87' lang='lat'>3</span> <span class='ocrx_word' id='word_1_134' title='bbox 553 1351 624 1394; x_wconf 87' lang='lat'>¹4·</span> <span class='ocrx_word' id='word_1_135' title='bbox 657 1353 728 1396; x_wconf 85' lang='lat'>15.</span> <span class='ocrx_word' id='word_1_136' title='bbox 770 1335 1020 1397; x_wconf 75' lang='lat' dir='ltr'>Loquutus</span> <span class='ocrx_word' id='word_1_137' title='bbox 1041 1333 1138 1380; x_wconf 85' lang='lat' dir='ltr'>sum</span> <span class='ocrx_word' id='word_1_138' title='bbox 1164 1349 1277 1381; x_wconf 88' lang='lat' dir='ltr'>cum-</span> <span class='ocrx_word' id='word_1_139' title='bbox 1296 1333 1488 1396; x_wconf 81' lang='lat' dir='ltr'>Angelis</span> <span class='ocrx_word' id='word_1_140' title='bbox 1512 1334 1671 1398; x_wconf 87' lang='lat' dir='ltr'>saepius</span> <span class='ocrx_word' id='word_1_141' title='bbox 1694 1335 1751 1381; x_wconf 92' lang='lat' dir='ltr'>de</span> <span class='ocrx_word' id='word_1_142' title='bbox 1773 1334 1853 1382; x_wconf 92' lang='lat' dir='ltr'>hac</span> <span class='ocrx_word' id='word_1_143' title='bbox 1877 1352 1940 1394; x_wconf 90' lang='lat' dir='ltr'>re,</span> <span class='ocrx_word' id='word_1_144' title='bbox 1968 1337 2024 1383; x_wconf 77' lang='grc' dir='ltr'>δε·</span> <span class='ocrx_word' id='word_1_145' title='bbox 2040 1338 2290 1388; x_wconf 85' lang='lat' dir='ltr'>constanter</span> 
     </span>
     <span class='ocr_line' id='line_1_14' title="bbox 276 1398 2291 1468; baseline 0.001 -17"><span class='ocrx_word' id='word_1_146' title='bbox 276 1430 278 1433; x_wconf 89' lang='lat'><em>·</em></span> <span class='ocrx_word' id='word_1_147' title='bbox 307 1405 535 1458; x_wconf 86' lang='lat' dir='ltr'>dixerunt,</span> <span class='ocrx_word' id='word_1_148' title='bbox 571 1400 697 1464; x_wconf 91' lang='lat' dir='ltr'>quod</span> <span class='ocrx_word' id='word_1_149' title='bbox 731 1415 824 1447; x_wconf 91' lang='lat' dir='ltr'>non</span> <span class='ocrx_word' id='word_1_150' title='bbox 857 1401 1023 1463; x_wconf 83' lang='lat' dir='ltr'>poffint</span> <span class='ocrx_word' id='word_1_151' title='bbox 1057 1400 1108 1446; x_wconf 84' lang='lat' dir='ltr'>in·</span> <span class='ocrx_word' id='word_1_152' title='bbox 1124 1399 1262 1447; x_wconf 91' lang='lat' dir='ltr'>Coelo</span> <span class='ocrx_word' id='word_1_153' title='bbox 1294 1398 1567 1463; x_wconf 89' lang='lat' dir='ltr'>distinguere</span> <span class='ocrx_word' id='word_1_154' title='bbox 1602 1400 1830 1448; x_wconf 86' lang='lat' dir='ltr'>Divinum</span> <span class='ocrx_word' id='word_1_155' title='bbox 1870 1403 1916 1448; x_wconf 91' lang='lat' dir='ltr'>in</span> <span class='ocrx_word' id='word_1_156' title='bbox 1940 1402 2039 1459; x_wconf 87' lang='lat' dir='ltr'>tria,</span> <span class='ocrx_word' id='word_1_157' title='bbox 2074 1398 2291 1468; x_wconf 79' lang='lat' dir='ltr'>quoniam</span> 
     </span>
     <span class='ocr_line' id='line_1_15' title="bbox 305 1465 2298 1531; baseline 0.002 -14"><span class='ocrx_word' id='word_1_158' title='bbox 305 1470 454 1517; x_wconf 77' lang='lat' dir='ltr'>fciunt</span> <span class='ocrx_word' id='word_1_159' title='bbox 477 1469 523 1515; x_wconf 74' lang='grc' dir='ltr'>δε</span> <span class='ocrx_word' id='word_1_160' title='bbox 548 1465 950 1531; x_wconf 64' lang='grc' dir='ltr'>Ρετςίρὶυητςυοά</span> <span class='ocrx_word' id='word_1_161' title='bbox 975 1465 1200 1512; x_wconf 86' lang='lat' dir='ltr'>Divinum</span> <span class='ocrx_word' id='word_1_162' title='bbox 1223 1481 1368 1513; x_wconf 89' lang='lat' dir='ltr'>unu-m</span> <span class='ocrx_word' id='word_1_163' title='bbox 1391 1465 1461 1523; x_wconf 83' lang='lat' dir='ltr'>fit,</span> <span class='ocrx_word' id='word_1_164' title='bbox 1499 1467 1550 1513; x_wconf 76' lang='grc' dir='ltr'>ὅτ</span> <span class='ocrx_word' id='word_1_165' title='bbox 1573 1465 1699 1530; x_wconf 89' lang='lat' dir='ltr'>quod</span> <span class='ocrx_word' id='word_1_166' title='bbox 1723 1482 1868 1514; x_wconf 88' lang='lat' dir='ltr'>unum</span> <span class='ocrx_word' id='word_1_167' title='bbox 1902 1467 1956 1516; x_wconf 87' lang='lat' dir='ltr'>fit</span> <span class='ocrx_word' id='word_1_168' title='bbox 1982 1470 2031 1516; x_wconf 87' lang='lat' dir='ltr'>in</span> <span class='ocrx_word' id='word_1_169' title='bbox 2054 1470 2261 1520; x_wconf 89' lang='lat' dir='ltr'>Domino</span> <span class='ocrx_word' id='word_1_170' title='bbox 2275 1491 2298 1520; x_wconf 73' lang='lat'>:1</span> 
     </span>
     <span class='ocr_line' id='line_1_16' title="bbox 309 1530 2295 1598; baseline -0.001 -15"><span class='ocrx_word' id='word_1_171' title='bbox 309 1536 518 1583; x_wconf 86' lang='lat' dir='ltr'>dixerunt</span> <span class='ocrx_word' id='word_1_172' title='bbox 550 1533 703 1588; x_wconf 88' lang='lat' dir='ltr'>etiam,</span> <span class='ocrx_word' id='word_1_173' title='bbox 741 1531 868 1595; x_wconf 90' lang='lat' dir='ltr'>quod</span> <span class='ocrx_word' id='word_1_174' title='bbox 903 1531 989 1594; x_wconf 84' lang='lat' dir='ltr'>qui</span> <span class='ocrx_word' id='word_1_175' title='bbox 1020 1530 1076 1578; x_wconf 92' lang='lat' dir='ltr'>ab</span> <span class='ocrx_word' id='word_1_176' title='bbox 1113 1531 1314 1579; x_wconf 87' lang='lat' dir='ltr'>Ecclefia</span> <span class='ocrx_word' id='word_1_177' title='bbox 1336 1546 1402 1578; x_wconf 86' lang='lat' dir='ltr'>ex</span> <span class='ocrx_word' id='word_1_178' title='bbox 1440 1532 1617 1579; x_wconf 87' lang='lat' dir='ltr'>mundo</span> <span class='ocrx_word' id='word_1_179' title='bbox 1648 1532 1853 1590; x_wconf 90' lang='lat' dir='ltr'>veniunt,</span> <span class='ocrx_word' id='word_1_180' title='bbox 1888 1534 2010 1597; x_wconf 92' lang='lat' dir='ltr'>apud</span> <span class='ocrx_word' id='word_1_181' title='bbox 2042 1551 2158 1598; x_wconf 89' lang='lat' dir='ltr'>quos</span> <span class='ocrx_word' id='word_1_182' title='bbox 2191 1538 2295 1586; x_wconf 85' lang='lat' dir='ltr'>idea.</span> 
     </span>
     <span class='ocr_line' id='line_1_17' title="bbox 311 1596 2296 1662; baseline 0.001 -13"><span class='ocrx_word' id='word_1_183' title='bbox 311 1602 449 1649; x_wconf 86' lang='lat' dir='ltr'>trium</span> <span class='ocrx_word' id='word_1_184' title='bbox 473 1599 754 1645; x_wconf 89' lang='lat' dir='ltr'>Divinorum</span> <span class='ocrx_word' id='word_1_185' title='bbox 783 1596 863 1653; x_wconf 88' lang='lat' dir='ltr'>est,</span> <span class='ocrx_word' id='word_1_186' title='bbox 897 1611 990 1644; x_wconf 91' lang='lat' dir='ltr'>non</span> <span class='ocrx_word' id='word_1_187' title='bbox 1011 1597 1177 1660; x_wconf 85' lang='lat' dir='ltr'>poffint</span> <span class='ocrx_word' id='word_1_188' title='bbox 1208 1597 1389 1645; x_wconf 85' lang='lat' dir='ltr'>admitti</span> <span class='ocrx_word' id='word_1_189' title='bbox 1423 1598 1471 1645; x_wconf 91' lang='lat' dir='ltr'>in</span> <span class='ocrx_word' id='word_1_190' title='bbox 1493 1597 1701 1655; x_wconf 89' lang='lat' dir='ltr'>Coelum,</span> <span class='ocrx_word' id='word_1_191' title='bbox 1733 1598 1950 1662; x_wconf 91' lang='lat' dir='ltr'>quoniam</span> <span class='ocrx_word' id='word_1_192' title='bbox 1985 1611 2100 1649; x_wconf 90' lang='lat' dir='ltr'>errat</span> <span class='ocrx_word' id='word_1_193' title='bbox 2134 1618 2296 1651; x_wconf 89' lang='lat' dir='ltr'>eorum</span> 
     </span>
     <span class='ocr_line' id='line_1_18' title="bbox 309 1662 2292 1730; baseline 0.001 -15"><span class='ocrx_word' id='word_1_194' title='bbox 309 1665 528 1730; x_wconf 85' lang='lat' dir='ltr'>cogitatio</span> <span class='ocrx_word' id='word_1_195' title='bbox 551 1664 608 1711; x_wconf 86' lang='lat' dir='ltr'>ab</span> <span class='ocrx_word' id='word_1_196' title='bbox 624 1679 717 1711; x_wconf 89' lang='lat' dir='ltr'>uno</span> <span class='ocrx_word' id='word_1_197' title='bbox 747 1663 804 1710; x_wconf 89' lang='lat' dir='ltr'>ad</span> <span class='ocrx_word' id='word_1_198' title='bbox 828 1662 1034 1720; x_wconf 84' lang='lat' dir='ltr'>alterurn,</span> <span class='ocrx_word' id='word_1_199' title='bbox 1051 1665 1110 1712; x_wconf 77' lang='grc' dir='ltr'>’δε</span> <span class='ocrx_word' id='word_1_200' title='bbox 1133 1678 1227 1711; x_wconf 74' lang='grc' dir='ltr'>ηοη</span> <span class='ocrx_word' id='word_1_201' title='bbox 1246 1663 1309 1711; x_wconf 91' lang='lat' dir='ltr'>ibi</span> <span class='ocrx_word' id='word_1_202' title='bbox 1332 1663 1438 1712; x_wconf 90' lang='lat' dir='ltr'>licet</span> <span class='ocrx_word' id='word_1_203' title='bbox 1461 1665 1658 1727; x_wconf 88' lang='lat' dir='ltr'>cogitare</span> <span class='ocrx_word' id='word_1_204' title='bbox 1680 1676 1768 1712; x_wconf 91' lang='lat' dir='ltr'>tres</span> <span class='ocrx_word' id='word_1_205' title='bbox 1790 1667 1840 1713; x_wconf 84' lang='lat'>&amp;</span> <span class='ocrx_word' id='word_1_206' title='bbox 1864 1665 2012 1714; x_wconf 88' lang='lat' dir='ltr'>dicere</span> <span class='ocrx_word' id='word_1_207' title='bbox 2034 1682 2180 1715; x_wconf 90' lang='lat' dir='ltr'>unum</span> <span class='ocrx_word' id='word_1_208' title='bbox 2196 1671 2292 1729; x_wconf 86' lang='lat' dir='ltr'>(n),</span> 
     </span>
     <span class='ocr_line' id='line_1_19' title="bbox 309 1729 2297 1798; baseline 0.002 -18"><span class='ocrx_word' id='word_1_209' title='bbox 309 1735 417 1797; x_wconf 88' lang='lat' dir='ltr'>quia</span> <span class='ocrx_word' id='word_1_210' title='bbox 437 1731 624 1795; x_wconf 89' lang='lat' dir='ltr'>quisque</span> <span class='ocrx_word' id='word_1_211' title='bbox 646 1731 692 1777; x_wconf 86' lang='lat' dir='ltr'>in</span> <span class='ocrx_word' id='word_1_212' title='bbox 716 1729 839 1778; x_wconf 87' lang='lat' dir='ltr'>coelo</span> <span class='ocrx_word' id='word_1_213' title='bbox 861 1744 917 1777; x_wconf 91' lang='lat' dir='ltr'>ex</span> <span class='ocrx_word' id='word_1_214' title='bbox 938 1730 1214 1792; x_wconf 85' lang='lat' dir='ltr'>cogitatione</span> <span class='ocrx_word' id='word_1_215' title='bbox 1237 1729 1456 1794; x_wconf 88' lang='lat' dir='ltr'>loquitur,</span> <span class='ocrx_word' id='word_1_216' title='bbox 1493 1730 1558 1777; x_wconf 88' lang='lat' dir='ltr'>est</span> <span class='ocrx_word' id='word_1_217' title='bbox 1586 1731 1708 1778; x_wconf 90' lang='lat' dir='ltr'>enim</span> <span class='ocrx_word' id='word_1_218' title='bbox 1741 1730 1805 1778; x_wconf 91' lang='lat' dir='ltr'>ibi</span> <span class='ocrx_word' id='word_1_219' title='bbox 1838 1731 2018 1795; x_wconf 90' lang='lat' dir='ltr'>loquela</span> <span class='ocrx_word' id='word_1_220' title='bbox 2051 1734 2297 1798; x_wconf 85' lang='lat' dir='ltr'>cogitativa</span> 
     </span>
     <span class='ocr_line' id='line_1_20' title="bbox 311 1795 2304 1860; baseline 0.002 -13"><span class='ocrx_word' id='word_1_221' title='bbox 311 1799 382 1847; x_wconf 75' lang='lat' dir='ltr'>feu</span> <span class='ocrx_word' id='word_1_222' title='bbox 416 1798 635 1860; x_wconf 87' lang='lat' dir='ltr'>cogitatio</span> <span class='ocrx_word' id='word_1_223' title='bbox 662 1796 851 1860; x_wconf 77' lang='lat' dir='ltr'>loquens</span> <span class='ocrx_word' id='word_1_224' title='bbox 867 1817 884 1852; x_wconf 92' lang='lat'>·,</span> <span class='ocrx_word' id='word_1_225' title='bbox 923 1811 1060 1859; x_wconf 82' lang='lat' dir='ltr'>quare</span> <span class='ocrx_word' id='word_1_226' title='bbox 1082 1795 1163 1860; x_wconf 91' lang='lat' dir='ltr'>qui</span> <span class='ocrx_word' id='word_1_227' title='bbox 1184 1796 1231 1843; x_wconf 91' lang='lat' dir='ltr'>in</span> <span class='ocrx_word' id='word_1_228' title='bbox 1256 1796 1434 1844; x_wconf 89' lang='lat' dir='ltr'>mundo</span> <span class='ocrx_word' id='word_1_229' title='bbox 1456 1795 1754 1845; x_wconf 78' lang='lat' dir='ltr'>distinxerunt</span> <span class='ocrx_word' id='word_1_230' title='bbox 1778 1798 2003 1845; x_wconf 90' lang='lat' dir='ltr'>Divinum</span> <span class='ocrx_word' id='word_1_231' title='bbox 2038 1799 2086 1847; x_wconf 93' lang='lat' dir='ltr'>in</span> <span class='ocrx_word' id='word_1_232' title='bbox 2107 1801 2206 1858; x_wconf 89' lang='lat' dir='ltr'>tria,</span> <span class='ocrx_word' id='word_1_233' title='bbox 2242 1818 2304 1850; x_wconf 49' lang='lat' dir='ltr'>ac*</span> 
     </span>
     <span class='ocr_line' id='line_1_21' title="bbox 311 1861 2295 1930; baseline 0.002 -18"><span class='ocrx_word' id='word_1_234' title='bbox 311 1864 548 1930; x_wconf 82' lang='lat' dir='ltr'>separatam</span> <span class='ocrx_word' id='word_1_235' title='bbox 587 1863 734 1910; x_wconf 91' lang='lat' dir='ltr'>ideam</span> <span class='ocrx_word' id='word_1_236' title='bbox 767 1861 827 1925; x_wconf 89' lang='lat' dir='ltr'>de</span> <span class='ocrx_word' id='word_1_237' title='bbox 849 1862 1108 1925; x_wconf 86' lang='lat' dir='ltr'>unoquovis</span> <span class='ocrx_word' id='word_1_238' title='bbox 1139 1874 1426 1927; x_wconf 85' lang='lat' dir='ltr'>acceperunt,</span> <span class='ocrx_word' id='word_1_239' title='bbox 1463 1862 1518 1909; x_wconf 73' lang='grc' dir='ltr'>δε</span> <span class='ocrx_word' id='word_1_240' title='bbox 1554 1878 1646 1910; x_wconf 87' lang='lat' dir='ltr'>non</span> <span class='ocrx_word' id='word_1_241' title='bbox 1685 1862 1808 1911; x_wconf 87' lang='lat' dir='ltr'>illam</span> <span class='ocrx_word' id='word_1_242' title='bbox 1838 1864 1884 1911; x_wconf 88' lang='lat' dir='ltr'>in</span> <span class='ocrx_word' id='word_1_243' title='bbox 1918 1865 2125 1914; x_wconf 90' lang='lat' dir='ltr'>Domino</span> <span class='ocrx_word' id='word_1_244' title='bbox 2156 1883 2295 1915; x_wconf 89' lang='lat' dir='ltr'>unam</span> 
     </span>
     <span class='ocr_line' id='line_1_22' title="bbox 308 1928 2296 1991; baseline 0.003 -15"><span class='ocrx_word' id='word_1_245' title='bbox 308 1929 510 1978; x_wconf 83' lang='lat' dir='ltr'>fecerunt</span> <span class='ocrx_word' id='word_1_246' title='bbox 526 1930 575 1975; x_wconf 86' lang='lat'>&amp;</span> <span class='ocrx_word' id='word_1_247' title='bbox 599 1939 1015 1984; x_wconf 88' lang='lat' dir='ltr'>concentraverunt‚</span> <span class='ocrx_word' id='word_1_248' title='bbox 1040 1943 1133 1975; x_wconf 89' lang='lat' dir='ltr'>non</span> <span class='ocrx_word' id='word_1_249' title='bbox 1155 1929 1293 1991; x_wconf 90' lang='lat' dir='ltr'>recipi</span> <span class='ocrx_word' id='word_1_250' title='bbox 1314 1928 1527 1991; x_wconf 80' lang='lat' dir='ltr'>possunt3</span> <span class='ocrx_word' id='word_1_251' title='bbox 1563 1928 1697 1976; x_wconf 90' lang='lat' dir='ltr'>datur</span> <span class='ocrx_word' id='word_1_252' title='bbox 1717 1931 1840 1977; x_wconf 91' lang='lat' dir='ltr'>enim</span> <span class='ocrx_word' id='word_1_253' title='bbox 1870 1930 1917 1976; x_wconf 90' lang='lat' dir='ltr'>in</span> <span class='ocrx_word' id='word_1_254' title='bbox 1940 1930 2061 1979; x_wconf 89' lang='lat' dir='ltr'>coelo</span> <span class='ocrx_word' id='word_1_255' title='bbox 2083 1934 2296 1981; x_wconf 89' lang='lat' dir='ltr'>omnium</span> 
     </span>
    </p>
   </div>
   <div class='ocr_carea' id='block_1_5' title="bbox 310 1991 2308 2119">
    <p class='ocr_par' dir='ltr' id='par_1_6' title="bbox 310 1991 2308 2119">
     <span class='ocr_line' id='line_1_23' title="bbox 311 1991 2296 2058; baseline 0.004 -19"><span class='ocrx_word' id='word_1_256' title='bbox 311 1995 642 2058; x_wconf 83' lang='lat' dir='ltr'>cogitationum</span> <span class='ocrx_word' id='word_1_257' title='bbox 664 1991 1038 2045; x_wconf 81' lang='lat' dir='ltr'>communicatio,</span> <span class='ocrx_word' id='word_1_258' title='bbox 1074 1991 1209 2052; x_wconf 85' lang='lat' dir='ltr'>quare</span> <span class='ocrx_word' id='word_1_259' title='bbox 1246 1992 1278 2035; x_wconf 83' lang='lat' dir='ltr'>fi</span> <span class='ocrx_word' id='word_1_260' title='bbox 1312 1994 1420 2036; x_wconf 89' lang='lat' dir='ltr'>illuc</span> <span class='ocrx_word' id='word_1_261' title='bbox 1442 1993 1637 2046; x_wconf 85' lang='lat' dir='ltr'>veniret,</span> <span class='ocrx_word' id='word_1_262' title='bbox 1677 1995 1758 2055; x_wconf 87' lang='lat' dir='ltr'>qui</span> <span class='ocrx_word' id='word_1_263' title='bbox 1792 1995 1965 2054; x_wconf 86' lang='lat' dir='ltr'>cogitat</span> <span class='ocrx_word' id='word_1_264' title='bbox 1999 2008 2089 2043; x_wconf 86' lang='lat' dir='ltr'>tres</span> <span class='ocrx_word' id='word_1_265' title='bbox 2111 1998 2161 2043; x_wconf 76' lang='grc' dir='ltr'>δε</span> <span class='ocrx_word' id='word_1_266' title='bbox 2184 1999 2296 2056; x_wconf 73' lang='lat' dir='ltr'>dicit</span> 
     </span>
     <span class='ocr_line' id='line_1_24' title="bbox 310 2052 2308 2119; baseline -0.002 -12"><span class='ocrx_word' id='word_1_267' title='bbox 310 2075 473 2115; x_wconf 84' lang='lat' dir='ltr'>unum,</span> <span class='ocrx_word' id='word_1_268' title='bbox 506 2056 654 2104; x_wconf 88' lang='lat' dir='ltr'>statim</span> <span class='ocrx_word' id='word_1_269' title='bbox 669 2054 1043 2111; x_wconf 73' lang='lat' dir='ltr'>‘internosceretur</span> <span class='ocrx_word' id='word_1_270' title='bbox 1063 2055 1113 2100; x_wconf 75' lang='grc' dir='ltr'>δε</span> <span class='ocrx_word' id='word_1_271' title='bbox 1136 2052 1402 2114; x_wconf 77' lang='lat' dir='ltr'>rejiceretur.</span> <span class='ocrx_word' id='word_1_272' title='bbox 1472 2053 1562 2099; x_wconf 88' lang='lat' dir='ltr'>Sed</span> <span class='ocrx_word' id='word_1_273' title='bbox 1594 2054 1825 2100; x_wconf 89' lang='lat' dir='ltr'>sciendum</span> <span class='ocrx_word' id='word_1_274' title='bbox 1864 2056 1949 2111; x_wconf 88' lang='lat' dir='ltr'>est,</span> <span class='ocrx_word' id='word_1_275' title='bbox 1980 2060 2107 2119; x_wconf 88' lang='lat' dir='ltr'>quod</span> <span class='ocrx_word' id='word_1_276' title='bbox 2136 2076 2308 2111; x_wconf 65' lang='lat' dir='ltr'>omnes,</span> 
     </span>
    </p>
   </div>
   <div class='ocr_carea' id='block_1_6' title="bbox 307 2117 2309 2914">
    <p class='ocr_par' dir='ltr' id='par_1_7' title="bbox 312 2117 2307 2386">
     <span class='ocr_line' id='line_1_25' title="bbox 313 2117 2296 2190; baseline 0 -16"><span class='ocrx_word' id='word_1_277' title='bbox 313 2126 377 2174; x_wconf 89' lang='lat' dir='ltr'>illi</span> <span class='ocrx_word' id='word_1_278' title='bbox 400 2125 481 2190; x_wconf 91' lang='lat' dir='ltr'>qui</span> <span class='ocrx_word' id='word_1_279' title='bbox 504 2139 596 2171; x_wconf 90' lang='lat' dir='ltr'>non</span> <span class='ocrx_word' id='word_1_280' title='bbox 619 2122 928 2186; x_wconf 82' lang='lat' dir='ltr'>separaverunt</span> <span class='ocrx_word' id='word_1_281' title='bbox 950 2131 1110 2166; x_wconf 88' lang='lat' dir='ltr'>verum</span> <span class='ocrx_word' id='word_1_282' title='bbox 1146 2134 1173 2166; x_wconf 90' lang='lat' dir='ltr'>a</span> <span class='ocrx_word' id='word_1_283' title='bbox 1211 2118 1334 2166; x_wconf 89' lang='lat' dir='ltr'>bono</span> <span class='ocrx_word' id='word_1_284' title='bbox 1371 2117 1445 2166; x_wconf 88' lang='lat' dir='ltr'>seu</span> <span class='ocrx_word' id='word_1_285' title='bbox 1482 2117 1625 2165; x_wconf 87' lang='lat' dir='ltr'>fidem</span> <span class='ocrx_word' id='word_1_286' title='bbox 1656 2118 1713 2166; x_wconf 91' lang='lat' dir='ltr'>ab</span> <span class='ocrx_word' id='word_1_287' title='bbox 1743 2134 1912 2177; x_wconf 89' lang='lat' dir='ltr'>amore,</span> <span class='ocrx_word' id='word_1_288' title='bbox 1950 2120 1998 2167; x_wconf 91' lang='lat' dir='ltr'>in</span> <span class='ocrx_word' id='word_1_289' title='bbox 2026 2122 2162 2172; x_wconf 87' lang='lat' dir='ltr'>altera</span> <span class='ocrx_word' id='word_1_290' title='bbox 2189 2128 2296 2186; x_wconf 85' lang='lat' dir='ltr'>vita,</span> 
     </span>
     <span class='ocr_line' id='line_1_26' title="bbox 313 2183 2307 2250; baseline 0 -10"><span class='ocrx_word' id='word_1_291' title='bbox 313 2207 420 2240; x_wconf 88' lang='lat' dir='ltr'>cum</span> <span class='ocrx_word' id='word_1_292' title='bbox 455 2189 672 2244; x_wconf 68' lang='lat' dir='ltr'>instrufti,</span> <span class='ocrx_word' id='word_1_293' title='bbox 706 2187 921 2250; x_wconf 87' lang='lat' dir='ltr'>recipiant</span> <span class='ocrx_word' id='word_1_294' title='bbox 942 2185 1086 2232; x_wconf 87' lang='lat' dir='ltr'>ideam</span> <span class='ocrx_word' id='word_1_295' title='bbox 1112 2184 1348 2233; x_wconf 89' lang='lat' dir='ltr'>coelestem-</span> <span class='ocrx_word' id='word_1_296' title='bbox 1369 2184 1427 2232; x_wconf 88' lang='lat' dir='ltr'>de</span> <span class='ocrx_word' id='word_1_297' title='bbox 1448 2183 1672 2242; x_wconf 88' lang='lat' dir='ltr'>Domino,</span> <span class='ocrx_word' id='word_1_298' title='bbox 1695 2186 1822 2249; x_wconf 92' lang='lat' dir='ltr'>quod</span> <span class='ocrx_word' id='word_1_299' title='bbox 1846 2185 1900 2234; x_wconf 88' lang='lat' dir='ltr'>fit</span> <span class='ocrx_word' id='word_1_300' title='bbox 1921 2187 2048 2238; x_wconf 88' lang='lat' dir='ltr'>Deus</span> <span class='ocrx_word' id='word_1_301' title='bbox 2070 2192 2261 2240; x_wconf 85' lang='lat' dir='ltr'>univerfi</span> <span class='ocrx_word' id='word_1_302' title='bbox 2279 2215 2307 2250; x_wconf 89' lang='lat'>;,</span> 
     </span>
     <span class='ocr_line' id='line_1_27' title="bbox 312 2248 2296 2318; baseline -0.001 -12"><span class='ocrx_word' id='word_1_303' title='bbox 312 2258 436 2306; x_wconf 87' lang='lat' dir='ltr'>aliter</span> <span class='ocrx_word' id='word_1_304' title='bbox 455 2271 565 2303; x_wconf 89' lang='lat' dir='ltr'>vero</span> <span class='ocrx_word' id='word_1_305' title='bbox 603 2255 684 2318; x_wconf 91' lang='lat' dir='ltr'>qui</span> <span class='ocrx_word' id='word_1_306' title='bbox 706 2253 848 2300; x_wconf 86' lang='lat' dir='ltr'>fidem</span> <span class='ocrx_word' id='word_1_307' title='bbox 881 2251 1190 2315; x_wconf 88' lang='lat' dir='ltr'>separaverunt</span> <span class='ocrx_word' id='word_1_308' title='bbox 1221 2267 1246 2299; x_wconf 93' lang='lat' dir='ltr'>a</span> <span class='ocrx_word' id='word_1_309' title='bbox 1268 2252 1382 2309; x_wconf 85' lang='lat' dir='ltr'>vita,</span> <span class='ocrx_word' id='word_1_310' title='bbox 1418 2248 1514 2300; x_wconf 89' lang='lat' dir='ltr'>hoc·</span> <span class='ocrx_word' id='word_1_311' title='bbox 1543 2249 1624 2308; x_wconf 87' lang='lat' dir='ltr'>est,</span> <span class='ocrx_word' id='word_1_312' title='bbox 1665 2252 1748 2316; x_wconf 90' lang='lat' dir='ltr'>qui</span> <span class='ocrx_word' id='word_1_313' title='bbox 1779 2267 1872 2301; x_wconf 89' lang='lat' dir='ltr'>non</span> <span class='ocrx_word' id='word_1_314' title='bbox 1895 2253 2111 2305; x_wconf 87' lang='lat' dir='ltr'>vixerunt</span> <span class='ocrx_word' id='word_1_315' title='bbox 2142 2255 2296 2308; x_wconf 75' lang='lat' dir='ltr'>secum-</span> 
     </span>
     <span class='ocr_line' id='line_1_28' title="bbox 312 2318 971 2386; baseline -0.012 -14"><span class='ocrx_word' id='word_1_316' title='bbox 312 2325 426 2372; x_wconf 89' lang='lat' dir='ltr'>dum</span> <span class='ocrx_word' id='word_1_317' title='bbox 450 2333 674 2386; x_wconf 87' lang='lat' dir='ltr'>praecepta</span> <span class='ocrx_word' id='word_1_318' title='bbox 694 2334 816 2367; x_wconf 85' lang='lat' dir='ltr'>verae</span> <span class='ocrx_word' id='word_1_319' title='bbox 848 2318 971 2366; x_wconf 82' lang='lat' dir='ltr'>fidei.</span> 
     </span>
    </p>

    <p class='ocr_par' dir='ltr' id='par_1_8' title="bbox 307 2383 2309 2914">
     <span class='ocr_line' id='line_1_29' title="bbox 383 2383 2294 2453; baseline 0 -18"><span class='ocrx_word' id='word_1_320' title='bbox 383 2407 426 2453; x_wconf 78' lang='lat'>3.</span> <span class='ocrx_word' id='word_1_321' title='bbox 463 2388 563 2448; x_wconf 76' lang='lat' dir='ltr'>Qui·</span> <span class='ocrx_word' id='word_1_322' title='bbox 593 2388 708 2434; x_wconf 75' lang='lat' dir='ltr'>intra</span> <span class='ocrx_word' id='word_1_323' title='bbox 738 2383 985 2434; x_wconf 75' lang='lat' dir='ltr'>Ecclesiam</span> <span class='ocrx_word' id='word_1_324' title='bbox 1021 2388 1300 2448; x_wconf 86' lang='lat' dir='ltr'>negaverunt</span> <span class='ocrx_word' id='word_1_325' title='bbox 1327 2384 1611 2442; x_wconf 79' lang='lat' dir='ltr'>Dominum,</span> <span class='ocrx_word' id='word_1_326' title='bbox 1645 2383 1696 2432; x_wconf 86' lang='lat'>&amp;</span> <span class='ocrx_word' id='word_1_327' title='bbox 1719 2398 2015 2449; x_wconf 86' lang='lat' dir='ltr'>agnoverunt.</span> <span class='ocrx_word' id='word_1_328' title='bbox 2037 2388 2294 2440; x_wconf 52' lang='lat' dir='ltr'>solum&gt;Pa÷</span> 
     </span>
     <span class='ocr_line' id='line_1_30' title="bbox 316 2449 2305 2520; baseline -0.001 -18"><span class='ocrx_word' id='word_1_329' title='bbox 316 2469 448 2510; x_wconf 84' lang='lat' dir='ltr'>trem,</span> <span class='ocrx_word' id='word_1_330' title='bbox 490 2453 609 2500; x_wconf 87' lang='lat' dir='ltr'>&amp;in</span> <span class='ocrx_word' id='word_1_331' title='bbox 632 2451 708 2499; x_wconf 91' lang='lat' dir='ltr'>tali</span> <span class='ocrx_word' id='word_1_332' title='bbox 731 2451 822 2498; x_wconf 78' lang='lat' dir='ltr'>fide</span> <span class='ocrx_word' id='word_1_333' title='bbox 843 2449 1306 2510; x_wconf 74' lang='lat' dir='ltr'>se‘confirmaverunt,</span> <span class='ocrx_word' id='word_1_334' title='bbox 1344 2451 1410 2498; x_wconf 86' lang='lat' dir='ltr'>i-lli</span> <span class='ocrx_word' id='word_1_335' title='bbox 1444 2463 1568 2499; x_wconf 85' lang='lat' dir='ltr'>extra</span> <span class='ocrx_word' id='word_1_336' title='bbox 1590 2450 1763 2499; x_wconf 89' lang='lat' dir='ltr'>coelum</span> <span class='ocrx_word' id='word_1_337' title='bbox 1799 2452 1933 2511; x_wconf 75' lang='lat' dir='ltr'>sunt3</span> <span class='ocrx_word' id='word_1_338' title='bbox 1977 2454 2031 2503; x_wconf 73' lang='grc' dir='ltr'>δε</span> <span class='ocrx_word' id='word_1_339' title='bbox 2063 2459 2169 2520; x_wconf 88' lang='lat' dir='ltr'>quia</span> <span class='ocrx_word' id='word_1_340' title='bbox 2201 2474 2305 2507; x_wconf 55' lang='lat' dir='ltr'>non:</span> 
     </span>
     <span class='ocr_line' id='line_1_31' title="bbox 319 2516 2296 2588; baseline 0.003 -21"><span class='ocrx_word' id='word_1_341' title='bbox 319 2521 451 2568; x_wconf 87' lang='lat' dir='ltr'>datur</span> <span class='ocrx_word' id='word_1_342' title='bbox 480 2517 600 2582; x_wconf 89' lang='lat' dir='ltr'>apud</span> <span class='ocrx_word' id='word_1_343' title='bbox 624 2517 723 2565; x_wconf 85' lang='lat' dir='ltr'>illos</span> <span class='ocrx_word' id='word_1_344' title='bbox 758 2516 916 2579; x_wconf 86' lang='lat' dir='ltr'>aliquis</span> <span class='ocrx_word' id='word_1_345' title='bbox 950 2516 1146 2564; x_wconf 85' lang='lat' dir='ltr'>influxus</span> <span class='ocrx_word' id='word_1_346' title='bbox 1183 2533 1208 2564; x_wconf 92' lang='lat' dir='ltr'>e</span> <span class='ocrx_word' id='word_1_347' title='bbox 1231 2516 1386 2574; x_wconf 83' lang='lat' dir='ltr'>Coelo,</span> <span class='ocrx_word' id='word_1_348' title='bbox 1420 2517 1500 2564; x_wconf 90' lang='lat' dir='ltr'>ubi</span> <span class='ocrx_word' id='word_1_349' title='bbox 1524 2517 1752 2565; x_wconf 88' lang='lat' dir='ltr'>Dominus</span> <span class='ocrx_word' id='word_1_350' title='bbox 1788 2517 1905 2567; x_wconf 91' lang='lat' dir='ltr'>solus</span> <span class='ocrx_word' id='word_1_351' title='bbox 1932 2521 2159 2580; x_wconf 88' lang='lat' dir='ltr'>adoratur,</span> <span class='ocrx_word' id='word_1_352' title='bbox 2199 2527 2296 2588; x_wconf 87' lang='lat' dir='ltr'>pri-</span> 
     </span>
     <span class='ocr_line' id='line_1_32' title="bbox 311 2580 2296 2649; baseline 0.003 -17"><span class='ocrx_word' id='word_1_353' title='bbox 311 2598 487 2632; x_wconf 78' lang='lat' dir='ltr'>vantur.</span> <span class='ocrx_word' id='word_1_354' title='bbox 513 2600 591 2648; x_wconf 90' lang='lat' dir='ltr'>per</span> <span class='ocrx_word' id='word_1_355' title='bbox 628 2582 795 2647; x_wconf 85' lang='lat' dir='ltr'>gradus</span> <span class='ocrx_word' id='word_1_356' title='bbox 831 2580 1038 2629; x_wconf 87' lang='lat' dir='ltr'>facultate</span> <span class='ocrx_word' id='word_1_357' title='bbox 1066 2582 1298 2646; x_wconf 87' lang='lat' dir='ltr'>cogitandi</span> <span class='ocrx_word' id='word_1_358' title='bbox 1337 2599 1499 2631; x_wconf 88' lang='lat' dir='ltr'>verum</span> <span class='ocrx_word' id='word_1_359' title='bbox 1540 2583 1598 2630; x_wconf 90' lang='lat' dir='ltr'>de</span> <span class='ocrx_word' id='word_1_360' title='bbox 1635 2598 1903 2649; x_wconf 89' lang='lat' dir='ltr'>quacunque</span> <span class='ocrx_word' id='word_1_361' title='bbox 1936 2602 1998 2644; x_wconf 87' lang='lat' dir='ltr'>re,</span> <span class='ocrx_word' id='word_1_362' title='bbox 2038 2588 2088 2636; x_wconf 75' lang='grc' dir='ltr'>δε</span> <span class='ocrx_word' id='word_1_363' title='bbox 2112 2590 2296 2639; x_wconf 88' lang='lat' dir='ltr'>tandem</span> 
     </span>
     <span class='ocr_line' id='line_1_33' title="bbox 310 2648 2297 2710; baseline 0.002 -11"><span class='ocrx_word' id='word_1_364' title='bbox 310 2653 435 2708; x_wconf 86' lang='lat' dir='ltr'>fiunt</span> <span class='ocrx_word' id='word_1_365' title='bbox 453 2652 534 2698; x_wconf 84' lang='lat' dir='ltr'>vel</span> <span class='ocrx_word' id='word_1_366' title='bbox 557 2649 669 2696; x_wconf 85' lang='lat' dir='ltr'>ficut</span> <span class='ocrx_word' id='word_1_367' title='bbox 700 2649 835 2705; x_wconf 89' lang='lat' dir='ltr'>muti,</span> <span class='ocrx_word' id='word_1_368' title='bbox 874 2648 947 2695; x_wconf 90' lang='lat' dir='ltr'>vel</span> <span class='ocrx_word' id='word_1_369' title='bbox 986 2648 1234 2710; x_wconf 88' lang='lat' dir='ltr'>loquuntur</span> <span class='ocrx_word' id='word_1_370' title='bbox 1263 2648 1437 2707; x_wconf 88' lang='lat' dir='ltr'>stolide,</span> <span class='ocrx_word' id='word_1_371' title='bbox 1478 2650 1528 2698; x_wconf 74' lang='grc' dir='ltr'>δε</span> <span class='ocrx_word' id='word_1_372' title='bbox 1566 2650 1614 2696; x_wconf 91' lang='lat' dir='ltr'>in</span> <span class='ocrx_word' id='word_1_373' title='bbox 1649 2650 1801 2699; x_wconf 90' lang='lat' dir='ltr'>eundo</span> <span class='ocrx_word' id='word_1_374' title='bbox 1832 2664 1996 2710; x_wconf 87' lang='lat' dir='ltr'>errant,</span> <span class='ocrx_word' id='word_1_375' title='bbox 2033 2670 2084 2702; x_wconf 92' lang='lat' dir='ltr'>ac</span> <span class='ocrx_word' id='word_1_376' title='bbox 2116 2654 2297 2703; x_wconf 83' lang='lat' dir='ltr'>brachia</span> 
     </span>
     <span class='ocr_line' id='line_1_34' title="bbox 315 2713 2305 2784; baseline 0.002 -19"><span class='ocrx_word' id='word_1_377' title='bbox 315 2730 471 2766; x_wconf 81' lang='lat' dir='ltr'>eorum</span> <span class='ocrx_word' id='word_1_378' title='bbox 497 2715 695 2779; x_wconf 87' lang='lat' dir='ltr'>pendent</span> <span class='ocrx_word' id='word_1_379' title='bbox 715 2715 764 2762; x_wconf 74' lang='grc' dir='ltr'>δι</span> <span class='ocrx_word' id='word_1_380' title='bbox 790 2713 1021 2761; x_wconf 87' lang='lat' dir='ltr'>vibrantur</span> <span class='ocrx_word' id='word_1_381' title='bbox 1042 2714 1154 2761; x_wconf 88' lang='lat' dir='ltr'>ficut</span> <span class='ocrx_word' id='word_1_382' title='bbox 1187 2716 1384 2777; x_wconf 85' lang='lat' dir='ltr'>expertia</span> <span class='ocrx_word' id='word_1_383' title='bbox 1415 2715 1583 2762; x_wconf 88' lang='lat' dir='ltr'>virium</span> <span class='ocrx_word' id='word_1_384' title='bbox 1606 2717 1652 2762; x_wconf 90' lang='lat' dir='ltr'>in</span> <span class='ocrx_word' id='word_1_385' title='bbox 1675 2717 1950 2766; x_wconf 88' lang='lat' dir='ltr'>internodiis.</span> <span class='ocrx_word' id='word_1_386' title='bbox 2011 2720 2110 2784; x_wconf 80' lang='lat' dir='ltr'>Qi</span> <span class='ocrx_word' id='word_1_387' title='bbox 2144 2732 2305 2769; x_wconf 70' lang='lat' dir='ltr'>autem:</span> 
     </span>
     <span class='ocr_line' id='line_1_35' title="bbox 307 2780 2309 2848; baseline 0.003 -19"><span class='ocrx_word' id='word_1_388' title='bbox 307 2793 591 2846; x_wconf 73' lang='lat' dir='ltr'>negaverunt</span> <span class='ocrx_word' id='word_1_389' title='bbox 628 2781 856 2827; x_wconf 85' lang='lat' dir='ltr'>Divinum</span> <span class='ocrx_word' id='word_1_390' title='bbox 887 2780 1099 2835; x_wconf 89' lang='lat' dir='ltr'>Domini,</span> <span class='ocrx_word' id='word_1_391' title='bbox 1139 2782 1187 2828; x_wconf 76' lang='grc' dir='ltr'>δε</span> <span class='ocrx_word' id='word_1_392' title='bbox 1218 2792 1503 2843; x_wconf 85' lang='lat' dir='ltr'>agnoverunt</span> <span class='ocrx_word' id='word_1_393' title='bbox 1542 2780 1686 2828; x_wconf 89' lang='lat' dir='ltr'>solum</span> <span class='ocrx_word' id='word_1_394' title='bbox 1726 2784 2203 2848; x_wconf 73' lang='lat' dir='ltr'>Humanumlpsius,</span> <span class='ocrx_word' id='word_1_395' title='bbox 2244 2802 2309 2838; x_wconf 81' lang='lat' dir='ltr'>ut.</span> 
     </span>
     <span class='ocr_line' id='line_1_36' title="bbox 311 2844 2296 2914; baseline 0.002 -17"><span class='ocrx_word' id='word_1_396' title='bbox 311 2847 562 2903; x_wconf 82' lang='lat' dir='ltr'>-Sociniani,</span> <span class='ocrx_word' id='word_1_397' title='bbox 596 2846 662 2895; x_wconf 88' lang='lat' dir='ltr'>illi</span> <span class='ocrx_word' id='word_1_398' title='bbox 684 2846 887 2913; x_wconf 82' lang='lat' dir='ltr'>fimiliter</span> <span class='ocrx_word' id='word_1_399' title='bbox 917 2857 1049 2893; x_wconf 84' lang='lat' dir='ltr'>extra.</span> <span class='ocrx_word' id='word_1_400' title='bbox 1061 2846 1251 2893; x_wconf 84' lang='lat' dir='ltr'>Coelum</span> <span class='ocrx_word' id='word_1_401' title='bbox 1287 2847 1404 2903; x_wconf 90' lang='lat' dir='ltr'>sunt,</span> <span class='ocrx_word' id='word_1_402' title='bbox 1440 2861 1491 2894; x_wconf 88' lang='lat' dir='ltr'>ac</span> <span class='ocrx_word' id='word_1_403' title='bbox 1515 2844 1718 2895; x_wconf 87' lang='lat' dir='ltr'>feruntur</span> <span class='ocrx_word' id='word_1_404' title='bbox 1749 2848 2001 2898; x_wconf 86' lang='lat' dir='ltr'>antrorsum</span> <span class='ocrx_word' id='word_1_405' title='bbox 2037 2852 2171 2914; x_wconf 80' lang='lat' dir='ltr'>paulo</span> <span class='ocrx_word' id='word_1_406' title='bbox 2195 2869 2296 2900; x_wconf 79' lang='lat' dir='ltr'>ver-</span> 
     </span>
    </p>
   </div>
   <div class='ocr_carea' id='block_1_7' title="bbox 2227 2919 2310 2968">
    <p class='ocr_par' dir='ltr' id='par_1_9' title="bbox 2227 2919 2310 2968">
     <span class='ocr_line' id='line_1_37' title="bbox 2227 2919 2310 2968; baseline 0.012 -1"><span class='ocrx_word' id='word_1_407' title='bbox 2227 2919 2310 2968; x_wconf 25' lang='lat' dir='ltr'>ssis*</span> 
     </span>
    </p>
   </div>
   <div class='ocr_carea' id='block_1_8' title="bbox 316 3001 2299 3022">
    <p class='ocr_par' dir='ltr' id='par_1_10' title="bbox 316 3001 2299 3022">
     <span class='ocr_line' id='line_1_38' title="bbox 316 3001 2299 3022; baseline 0 764"><span class='ocrx_word' id='word_1_408' title='bbox 316 3001 2299 3022; x_wconf 95' lang='lat' dir='ltr'> </span> 
     </span>
    </p>
   </div>
   <div class='ocr_carea' id='block_1_9' title="bbox 318 3055 2303 3231">
    <p class='ocr_par' dir='ltr' id='par_1_11' title="bbox 318 3055 2303 3231">
     <span class='ocr_line' id='line_1_39' title="bbox 377 3055 2303 3114; baseline 0 -15"><span class='ocrx_word' id='word_1_409' title='bbox 377 3061 448 3114; x_wconf 87' lang='lat' dir='ltr'>(n)</span> <span class='ocrx_word' id='word_1_410' title='bbox 479 3059 603 3114; x_wconf 84' lang='lat' dir='ltr'>Qod</span> <span class='ocrx_word' id='word_1_411' title='bbox 629 3057 841 3100; x_wconf 85' lang='lat' dir='ltr'>Christiani</span> <span class='ocrx_word' id='word_1_412' title='bbox 872 3058 914 3099; x_wconf 83' lang='lat' dir='ltr'>i&#39;n</span> <span class='ocrx_word' id='word_1_413' title='bbox 945 3058 1067 3100; x_wconf 81' lang='lat' dir='ltr'>altera</span> <span class='ocrx_word' id='word_1_414' title='bbox 1086 3058 1168 3099; x_wconf 85' lang='lat' dir='ltr'>vita</span> <span class='ocrx_word' id='word_1_415' title='bbox 1188 3057 1396 3112; x_wconf 79' lang='lat' dir='ltr'>explorati,</span> <span class='ocrx_word' id='word_1_416' title='bbox 1427 3056 1587 3112; x_wconf 85' lang='lat' dir='ltr'>qualem</span> <span class='ocrx_word' id='word_1_417' title='bbox 1615 3056 1744 3097; x_wconf 79' lang='lat' dir='ltr'>ideam</span> <span class='ocrx_word' id='word_1_418' title='bbox 1775 3056 1825 3097; x_wconf 92' lang='lat' dir='ltr'>de</span> <span class='ocrx_word' id='word_1_419' title='bbox 1843 3055 1938 3098; x_wconf 92' lang='lat' dir='ltr'>Deo</span> <span class='ocrx_word' id='word_1_420' title='bbox 1971 3071 2054 3099; x_wconf 89' lang='lat' dir='ltr'>uno</span> <span class='ocrx_word' id='word_1_421' title='bbox 2082 3060 2303 3110; x_wconf 73' lang='lat' dir='ltr'>haberent,v</span> 
     </span>
     <span class='ocr_line' id='line_1_40' title="bbox 318 3114 2288 3173; baseline 0.002 -17"><span class='ocrx_word' id='word_1_422' title='bbox 318 3119 357 3162; x_wconf 65' lang='grc' dir='ltr'>ει</span> <span class='ocrx_word' id='word_1_423' title='bbox 381 3116 484 3172; x_wconf 86' lang='lat' dir='ltr'>quod</span> <span class='ocrx_word' id='word_1_424' title='bbox 517 3114 770 3170; x_wconf 86' lang='lat' dir='ltr'>compertum</span> <span class='ocrx_word' id='word_1_425' title='bbox 799 3114 845 3155; x_wconf 78' lang='lat' dir='ltr'>sit</span> <span class='ocrx_word' id='word_1_426' title='bbox 867 3116 973 3170; x_wconf 82' lang='lat' dir='ltr'>quod</span> <span class='ocrx_word' id='word_1_427' title='bbox 1004 3116 1195 3156; x_wconf 82' lang='lat' dir='ltr'>haberent</span> <span class='ocrx_word' id='word_1_428' title='bbox 1223 3116 1351 3155; x_wconf 86' lang='lat' dir='ltr'>ideam</span> <span class='ocrx_word' id='word_1_429' title='bbox 1378 3114 1501 3154; x_wconf 79' lang='lat' dir='ltr'>trium</span> <span class='ocrx_word' id='word_1_430' title='bbox 1533 3115 1719 3165; x_wconf 78' lang='lat' dir='ltr'>deorum,</span> <span class='ocrx_word' id='word_1_431' title='bbox 1758 3128 1782 3154; x_wconf 94' lang='lat' dir='ltr'>n</span> <span class='ocrx_word' id='word_1_432' title='bbox 1803 3127 1812 3154; x_wconf 74' lang='grc' dir='ltr'>ε</span> <span class='ocrx_word' id='word_1_433' title='bbox 1836 3126 1962 3169; x_wconf 80' lang='lat'><strong>2329·</strong></span> <span class='ocrx_word' id='word_1_434' title='bbox 1985 3118 2110 3171; x_wconf 82' lang='lat'>5256.</span> <span class='ocrx_word' id='word_1_435' title='bbox 2138 3119 2288 3173; x_wconf 74' lang='grc'>10736,</span> 
     </span>
     <span class='ocr_line' id='line_1_41' title="bbox 327 3169 2290 3231; baseline 0 -16"><span class='ocrx_word' id='word_1_436' title='bbox 327 3174 476 3231; x_wconf 83' lang='lat'>10738.</span> <span class='ocrx_word' id='word_1_437' title='bbox 505 3173 650 3215; x_wconf 86' lang='lat'>10821.</span> <span class='ocrx_word' id='word_1_438' title='bbox 711 3170 835 3226; x_wconf 81' lang='lat' dir='ltr'>Qod</span> <span class='ocrx_word' id='word_1_439' title='bbox 858 3172 1056 3214; x_wconf 86' lang='lat' dir='ltr'>Divinum</span> <span class='ocrx_word' id='word_1_440' title='bbox 1077 3171 1255 3214; x_wconf 84' lang='lat' dir='ltr'>Trinum</span> <span class='ocrx_word' id='word_1_441' title='bbox 1277 3172 1317 3214; x_wconf 91' lang='lat' dir='ltr'>in</span> <span class='ocrx_word' id='word_1_442' title='bbox 1338 3169 1524 3220; x_wconf 86' lang='lat' dir='ltr'>Domino</span> <span class='ocrx_word' id='word_1_443' title='bbox 1555 3172 1789 3227; x_wconf 82' lang='lat' dir='ltr'>agnoscatur</span> <span class='ocrx_word' id='word_1_444' title='bbox 1813 3171 1858 3213; x_wconf 85' lang='lat' dir='ltr'>in</span> <span class='ocrx_word' id='word_1_445' title='bbox 1879 3170 2017 3224; x_wconf 74' lang='lat' dir='ltr'>Coelo,</span> <span class='ocrx_word' id='word_1_446' title='bbox 2053 3188 2079 3215; x_wconf 92' lang='lat' dir='ltr'>n</span> <span class='ocrx_word' id='word_1_447' title='bbox 2099 3189 2107 3215; x_wconf 77' lang='grc' dir='ltr'><em>τ</em></span> <span class='ocrx_word' id='word_1_448' title='bbox 2132 3187 2194 3226; x_wconf 87' lang='lat'>14·</span> <span class='ocrx_word' id='word_1_449' title='bbox 2224 3187 2290 3231; x_wconf 75' lang='lat'>¹5,-</span> 
     </span>
    </p>
   </div>
   <div class='ocr_carea' id='block_1_10' title="bbox 325 3230 903 3290">
    <p class='ocr_par' dir='ltr' id='par_1_12' title="bbox 325 3230 903 3290">
     <span class='ocr_line' id='line_1_42' title="bbox 325 3230 903 3290; baseline -0.009 -16"><span class='ocrx_word' id='word_1_450' title='bbox 325 3245 447 3290; x_wconf 78' lang='lat'>1729.</span> <span class='ocrx_word' id='word_1_451' title='bbox 473 3241 599 3285; x_wconf 83' lang='lat'>2005.</span> <span class='ocrx_word' id='word_1_452' title='bbox 623 3230 748 3286; x_wconf 84' lang='lat'><strong>5256.</strong></span> <span class='ocrx_word' id='word_1_453' title='bbox 774 3241 903 3286; x_wconf 84' lang='lat'>9303.</span> 
     </span>
    </p>
   </div>
  </div>
 </body>
</html>
