2546 3786
296 264 431 326 224
615 244 737 307 DE
779 235 1176 318 ‚cronno
1236 257 1344 311 ω·
1403 215 1985 316 INFERNos

294 381 444 417 tamen
467 365 640 422 recidit,
676 365 725 414 ὅτ
751 363 890 412 fimile
911 362 991 420 est,
1027 363 1117 432 five
1140 361 1329 429 dicatur,
1363 363 1491 433 quod
1527 364 1652 413 luant
1682 381 1833 429 paenas
1856 378 2041 433 propter
2067 372 2181 422 mala
2202 374 2286 427 -sua-

295 436 344 483 in
381 433 569 489 mundo,
605 431 694 478 five
728 429 903 478 dicatur
936 430 1063 492 quod
1102 428 1227 475 luant
1256 441 1406 490 paenas
1434 430 1619 493 propter
1643 432 1755 480 mala
1776 449 1881 496 quae
1915 446 2058 498 agunt
2078 428 2282 492 inaltet-a

297 502 406 556 vita,
443 499 656 562 quoniam
681 494 979 559 unusquisque
1004 494 1119 541 redit
1141 493 1188 540 in
1210 492 1330 540 suam
1355 492 1498 540 vitam
1523 496 1622 558 post
1644 513 1857 557 mortem,
1894 501 1942 548 &
1967 501 2027 548 fic
2051 505 2097 550 in
2121 504 2282 555 fimilia

301 565 451 621 mala;
488 580 591 612 narn
633 563 729 611 talis
769 561 910 608 horno
942 558 1004 606 est
1039 559 1184 622 qualis
1217 559 1263 605 in
1287 558 1381 605 vita
1403 561 1605 622 corporis
1625 560 1691 609 sui
1711 561 1854 611 fuerat
1878 582 1938 613 n:
1966 583 2064 631 470
2088 570 2142 616 ad
2163 575 2278 631 484.

301 631 448 690 Quod
479 631 736 694 puniantur,
770 626 832 674 est
856 626 961 689 quia
982 627 1122 672 timor
1145 640 1231 688 pro
1248 627 1385 687 'paena
1404 622 1467 670 est
1489 625 1677 674 unicum
1701 630 1903 682 medium
1926 632 2142 682 domandi
2166 639 2285 686 mala

298 700 345 744 in
371 697 455 744 hoc
479 697 590 742 statu
613 717 628 750 ·,
665 693 774 741 nihil
798 692 916 739 valet
939 691 1133 755 amplius
1155 689 1421 746 exhortatio,
1457 690 1567 738 nihil
1598 690 1872 756 informatiO,
1906 712 1986 744 nec
2010 700 2149 748 timor
2170 703 2283 767 legis

301 763 349 810 &
373 761 522 816 famae,
556 761 771 824 quoniam
813 759 907 820 agit
945 774 1001 804 ex
1037 769 1209 812 natura,
1244 771 1352 820 quae
1374 771 1464 803 non
1489 759 1681 806 coerceri
1704 774 1785 806 nec
1809 758 1954 830 frangi
1976 766 2121 827 potest
2141 784 2282 831 quam

299 844 379 892 per
409 843 574 890 paenas,
645 829 714 874 At
754 825 860 872 boni
901 822 1076 887 spiritus
1112 822 1332 887 nusquam
1370 822 1638 884 puniuntur,
1671 824 1846 887 tametsi
1882 824 1997 879 mala
2027 832 2072 877 in
2107 838 2283 885 mundo

297 907 495 956 egerant,
532 908 636 940 nam
671 890 785 938 mala
811 905 970 938 eorum
1007 905 1096 937 non
1131 889 1334 945 redeunt,
1371 889 1420 935 &
1455 905 1639 954 quoque
1678 890 1810 938 datur
1846 887 1969 949 scire,
2010 899 2133 958 quod
2169 904 2284 952 mala

300 959 484 1007 illorum
510 959 618 1006 alius
642 958 816 1022 generis
840 968 917 1004 aut
939 967 1112 1003 naturae
1137 955 1318 1009 fuerint,
1338 969 1429 1001 non
1452 955 1574 1002 enim
1594 971 1651 1003 ex
1674 956 1906 1020 proposito
1930 972 2084 1009 contra
2104 979 2281 1026 verum,

300 1027 350 1073 ὅτ
374 1041 465 1073 non
489 1041 545 1072 ex
567 1026 704 1072 corde
729 1022 849 1071 malo
871 1022 958 1068 alio
980 1038 1118 1085 quam
1141 1021 1266 1085 quod
1289 1018 1430 1067 fuerat
1451 1020 1537 1068 illis
1573 1037 1629 1068 ex
1663 1022 1945 1070 haereditario
1966 1040 1991 1071 a
2012 1032 2281 1091 parentibus,

299 1094 346 1140 in
383 1091 528 1155 quod,
571 1106 679 1139 cum
716 1090 761 1136 in
801 1089 992 1136 externis
1031 1086 1233 1151 separatis
1269 1086 1326 1133 ab
1364 1087 1546 1134 internis
1585 1085 1785 1147 fuerunt,
1831 1105 1889 1136 ex
1925 1105 2050 1139 caeco
2078 1090 2286 1157 jucundo

299 1158 456 1222 perlati
480 1158 595 1204 sunt.
2166 1205 2188 1222 ,,

369 1239 482 1286 510.
533 1221 739 1287 Qisque
778 1219 835 1267 ad
875 1217 1142 1266 Societatem
1183 1217 1305 1265 suam
1343 1218 1488 1276 venit,
1542 1221 1586 1267 in
1627 1235 1718 1283 qua
1757 1218 1844 1268 fuit
1887 1218 1984 1284 ejus
2022 1223 2198 1288 spiritus
2238 1232 2286 1279 in

303 1287 496 1345 mundo,
532 1285 830 1349 unusquisque
868 1285 990 1331 enirn
1030 1285 1172 1332 homo
1207 1285 1358 1348 quoad
1397 1285 1602 1348 spiritum
1625 1285 1756 1334 suum
1782 1283 2048 1353 conjunctus
2071 1292 2135 1339 est
2157 1295 2288 1345 alicui

303 1355 497 1405 societati
532 1352 604 1400 vel
642 1350 843 1401 infernali
879 1350 952 1398 vel
988 1349 1182 1408 coelesti,
1226 1351 1369 1397 malus
1413 1350 1607 1399 societati
1653 1351 1872 1411 infernali,
1911 1353 2057 1404 bonus
2094 1357 2290 1410 societati

298 1419 506 1477 coelesti;
553 1419 677 1482 quod
719 1417 906 1483 quisque
944 1416 1001 1463 ad
1041 1411 1164 1464 sua‘m
1203 1415 1455 1464 societatem
1495 1418 1642 1465 redeat
1680 1417 1781 1482 post
1825 1416 2024 1469 mortem
2065 1425 2287 1486 videatur,

298 1506 330 1537 n
358 1507 369 1537 :
393 1492 523 1552 4383
570 1486 627 1533 ad
665 1485 786 1532 ill-am
826 1483 1088 1546 perducitur
1123 1482 1299 1547 spiritus
1337 1483 1590 1540 succeffive,
1638 1484 1690 1532 &
1727 1484 1908 1535 tandem
1949 1488 2083 1536 intrat
2121 1491 2246 1540 illam
2270 1518 2286 1550 3

299 1555 445 1603 malus
468 1552 661 1617 spiritus,
697 1566 805 1599 cum
829 1551 875 1597 in
899 1549 1061 1597 statum
1084 1549 1349 1597 interiorum
1371 1549 1552 1597 suorum
1577 1548 1656 1606 est,
1693 1552 1882 1599 vertitur
1917 1569 1997 1616 per
2030 1556 2197 1618 gradus
2229 1562 2290 1608 ad

298 1622 421 1669 suam
447 1619 716 1674 societatem,
751 1618 802 1664 ὅτ
823 1615 1007 1663 tandem
1031 1615 1197 1663 directe
1219 1615 1274 1661 ad
1300 1615 1440 1671 illam,
1475 1629 1713 1678 antequam
1736 1617 1888 1664 finitus
1913 1619 1978 1666 est
2009 1620 2084 1668 hic
2119 1623 2286 1683 status;

298 1689 350 1734 &
379 1702 486 1734 cum
521 1685 657 1731 status
679 1683 834 1730 finitus
855 1681 935 1737 est,
969 1691 1079 1728 tunc
1104 1681 1195 1743 i'pse
1217 1680 1392 1743 spiritus
1419 1681 1559 1728 malus
1582 1681 1623 1727 se
1645 1679 1829 1744 conjicit
1850 1686 1896 1730 in
1930 1684 2173 1746 infernum,
2208 1693 2288 1740 ubi

298 1753 365 1800 sui
388 1751 549 1799 similes
573 1750 710 1805 sunt;
747 1746 840 1811 ipsa
880 1743 1102 1809 conjectio
1137 1757 1319 1810 apparet
1358 1745 1414 1792 ad
1450 1745 1596 1795 visum
1639 1748 1752 1794 sicut
1789 1749 1867 1810 qui
1905 1749 2131 1813 supinatus
2167 1757 2287 1806 cadit

298 1819 443 1882 capite
481 1815 688 1864 deorsum
726 1813 777 1860 &
817 1812 1008 1876 pedibus
1050 1810 1257 1866 sursum;
1308 1810 1433 1857 causa
1471 1811 1598 1874 quod
1636 1813 1698 1858 ita
1734 1827 1958 1876 appareat,
2004 1817 2068 1864 est
2100 1821 2204 1883 quia
2239 1825 2287 1871 in

288 1883 475 1936 'inverso
511 1881 668 1928 ordine
701 1879 783 1935 est,
818 1890 1040 1925 amaverat
1075 1878 1198 1925 enim
1237 1874 1465 1925 infernalia
1505 1893 1555 1924 ac
1594 1875 1800 1940 rejecerat
1837 1878 2061 1930 coelestia:
2096 1887 2286 1948 quidam

301 1949 409 1997 mali
446 1949 494 1995 in
528 1945 723 1995 secundo
761 1945 848 1992 hoc
885 1943 1000 1991 statu
1033 1958 1112 2008 per
1135 1943 1254 1990 vices
1287 1944 1454 1990 intrant
1488 1941 1678 2001 inferna,
1713 1945 1764 1992 &
1786 1960 1970 2009 quoque
1993 1963 2178 2010 exeunt,
2215 1954 2289 2003 sed

299 2016 346 2064 hi
385 2031 477 2063 non
513 2024 728 2078 apparent
763 2024 872 2059 tunc
911 2009 1102 2074 supinati
1140 2009 1313 2066 cadere,
1349 2008 1465 2056 ficut
1499 2025 1606 2057 cum
1645 2010 1776 2074 plene
1814 2011 1967 2060 vastati
2006 2013 2120 2064 sunt.
2190 2019 2289 2084 Ipsa

299 2082 495 2138 societas,
521 2082 566 2135 in
588 2095 681 2143 qua
702 2076 884 2126 fuerunt
905 2076 1057 2139 quoad
1074 2075 1279 2140 spiritum
1297 2075 1426 2123 suum
1447 2076 1494 2122 in
1512 2077 1704 2133 mundo,
1729 2076 1981 2126 ostenditur
2002 2096 2183 2146 quoque
2201 2086 2288 2134 illis

302 2165 413 2195 cum
451 2150 498 2194 in
538 2144 653 2193 statu
687 2143 959 2192 exteriorum
994 2141 1178 2197 suorum
1212 2141 1331 2198 sunt,
1366 2154 1418 2189 ut
1450 2140 1584 2190 sciant
1623 2143 1726 2206 inde
1757 2143 1885 2206 quod
1920 2145 1966 2191 in
1988 2145 2169 2196 Inferno
2191 2148 2288 2200 fue-

303 2215 395 2262 rint
431 2213 566 2259 etiam
614 2212 660 2257 in
698 2211 791 2257 vita
829 2210 1046 2272 corporis,
1096 2208 1167 2255 sed
1213 2221 1364 2255 tamen
1403 2224 1494 2255 non
1534 2210 1579 2255 in
1619 2208 1752 2256 fimili
1786 2208 1900 2257 statu
1936 2227 2043 2259 curn
2083 2215 2168 2263 illis
2207 2220 2287 2281 qui

269 2282 347 2327 cin
383 2278 478 2342 ipso
509 2277 708 2334 Inferno,
745 2275 818 2323 scd
854 2277 899 2322 in
936 2275 1067 2322 simili
1103 2291 1211 2322 cum
1254 2274 1369 2321 statu
1409 2274 1592 2322 illorum
1631 2276 1709 2339 qui
1749 2276 1793 2322 in
1836 2277 2012 2325 mundo
2047 2278 2286 2343 spirituum

298 2342 434 2401 sunt;
470 2345 527 2391 de
558 2359 757 2407 quorum
790 2341 903 2390 statu
937 2341 1178 2406 respective
1214 2340 1270 2389 ad
1293 2341 1475 2388 illorum
1498 2341 1579 2407 qui
1604 2342 1649 2388 in
1673 2339 1855 2390 Inferno
1878 2343 1995 2402 sunt,
2030 2347 2076 2392 in
2100 2347 2286 2412 sequen-

297 2412 418 2460 tibus
442 2410 629 2460 dicetur.
1696 2443 1705 2447 κ

373 2496 480 2538 511.
518 2476 746 2540 Separatio
782 2474 1004 2523 malorum
1041 2471 1278 2538 spirituum
1313 2490 1339 2520 a
1369 2472 1498 2521 bonis
1531 2470 1756 2536 spiritibus
1794 2473 1849 2522 fit
1887 2475 1933 2522 in
1971 2476 2166 2527 secundo
2200 2481 2292 2530 hoc

301 2543 434 2600 statu,
472 2559 575 2590 nam
618 2543 664 2589 in
701 2540 1007 2604 primo-statu
1043 2540 1175 2587 simul
1216 2539 1333 2596 sunt,
1368 2539 1583 2601 quoniam
1623 2540 1736 2605 dum
1775 2539 1951 2604 spiritus
1986 2544 2049 2590 est
2085 2546 2130 2591 in
2165 2559 2284 2595 exte-

294 2611 492 2657 rioribus
531 2609 635 2665 suis,
683 2607 749 2655 est
787 2607 898 2654 sicut
938 2605 1025 2652 fuit
1064 2607 1110 2653 in
1151 2605 1345 2661 mundo,
1394 2607 1455 2652 ita
1493 2605 1604 2652 ficut
1643 2606 1786 2653 malus
1822 2622 1929 2655 cum
1967 2609 2088 2658 bono
2122 2611 2199 2668 ibi,
2233 2628 2284 2660 ac

293 2677 446 2724 bonus
484 2691 590 2722 cum
631 2673 784 2729 malo,
831 2673 955 2720 aliter
994 2687 1102 2720 cum
1137 2672 1200 2719 est
1236 2674 1282 2718 in
1322 2672 1531 2719 interiora
1570 2670 1643 2718 sua
1681 2672 1844 2730 illatus,
1892 2689 1942 2721 ac
1981 2676 2155 2726 relicius
2192 2675 2284 2725 suae

301 2757 471 2790 naturae
509 2741 581 2788 seu
621 2740 856 2788 voluntati.
924 2739 1149 2803 Separatio
1189 2738 1414 2785 bonorum
1452 2754 1477 2785 a
1516 2737 1642 2784 malis
1680 2738 1733 2785 fit
1773 2739 1906 2787 variis
1946 2742 2109 2799 modis,
2155 2758 2283 2791 com-

303 2810 497 2854 muniter
537 2823 615 2870 per
657 2804 1013 2853 circumlationes
1059 2806 1115 2852 ad
1157 2803 1250 2851 illas
1290 2803 1531 2860 societates,
1579 2819 1686 2851 cum
1725 2805 1890 2868 quibus
1928 2804 2282 2858 communicatio

301 2874 444 2921 fuerat
483 2889 561 2936 per
601 2873 894 2934 cogitationes
928 2871 978 2918 δε
1015 2871 1269 2920 affectiones
1306 2869 1452 2917 bonas'
1484 2872 1529 2917 in
1565 2870 1724 2917 Primo
1762 2871 1909 2928 statu·,
1941 2870 2070 2921 &fic
2101 2874 2154 2920 ad
2188 2876 2283 2925 illas

304 2954 414 3000 quas
450 2939 727 2986 induxerunt
762 2937 938 2986 credere
977 2953 1056 2999 per
1093 2949 1292 2984 externas
1330 2935 1510 2999 specieS,
1545 2937 1669 2999 quod
1695 2953 1786 2983 non
1810 2937 2090 2987 malicfl‘ent:
2129 2943 2281 3005 utplu-

301 3007 470 3051 rimum
496 3003 771 3050 circumferri
793 3002 932 3050 solent
955 3018 1036 3066 per
1069 3002 1211 3049 latum
1246 3001 1421 3059 orbem,
1455 3002 1505 3049 δε
1531 3003 1676 3049 ubivis
1700 3003 1869 3065 ostendi
1892 2991 2113 3064 spiritibus
2136 3006 2280 3065 bonis,

300 3069 451 3132 quales
489 3067 588 3115 sunt
621 3070 666 3113 in
691 3067 730 3113 se
748 3090 766 3123 ὅ
801 3069 855 3115 ad
880 3067 1103 3130 aspectum
1129 3083 1288 3114 eorum
1314 3080 1422 3115 tunc
1446 3068 1552 3115 boni
1577 3067 1752 3131 spiritus
1774 3065 1816 3115 se'
1838 3081 2059 3125 avertunt,
2095 3073 2143 3121 &
2167 3072 2280 3123 ficut

299 3136 367 3186 ,illi
391 3135 431 3183 se
458 3144 681 3190 avertunt,
715 3133 777 3180 -ita
800 3149 983 3198 quoquc
1005 3133 1111 3184 mali
1130 3132 1321 3198 spirituS,
1356 3136 1437 3199 qui
1460 3133 1850 3202 circumferuntur,
1886 3147 2147 3185 avertuntur
2168 3137 2281 3188 facie

698 3215 730 3263 3
1366 3272 1370 3275 .
1507 3273 1515 3278 ᾖ
2225 3206 2282 3254 ab
