2546 3786
597 224 717 287 DE
774 221 1296 288 COE.Lo-E·1=
1357 222 1945 288 INFERNO.
2174 249 2260 315 95

283 352 374 401 ‘non
398 350 540 402 fciunt
557 374 574 409 ς
613 350 798 402 a'crnali'
815 344 1016 419 Spiritus
1029 349 1136 397 tales
1159 346 1275 406 sunt,
1300 362 1352 398 ut
1373 350 1777 410 odio'internecino
1800 352 1985 401 habeant
2009 351 2259 412 hominem,

282 420 333 465 &
369 420 478 466 nihil
517 420 619 482 plus
651 416 996 483 'cupiantquam
1033 415 1218 478 perdere
1241 415 1372 465 illum
1394 418 1545 480 quoad
1585 419 1781 466 animam
1820 423 1870 469 &
1892 419 2041 482 quoad
2073 434 2255 484 corpus,

280 485 406 546 quod
441 487 576 532 etiam
612 485 670 532 fit
683 478 806 546 apud
843 481 942 528 illos
974 483 1054 544 qui
1094 480 1292 529 multum
1326 482 1603 531 indulserunt
1636 483 1887 547 phantasiis,
1924 484 2063 548 usque
2101 499 2151 532 ut
2185 502 2255 533 re·

279 551 505 598 moverint
528 567 552 598 a
573 550 615 597 se
634 543 844 612 jucunda
867 546 1052 597 naturali
1088 547 1263 594 homini
1285 549 1613 596 convenientia.
1684 549 1846 613 Aliqui
1877 552 2043 607 etiam,
2067 552 2146 614 qui
2185 551 2253 598 so-

276 616 466 663 litariam
489 618 629 663 vitam
652 625 809 674 agunt,
831 612 1104 676 quandoque
1126 614 1315 661 audiunt
1336 613 1513 676 spiritus
1547 614 1698 662 secum
1734 615 1986 679 loquentes,
2019 617 2068 664 &
2089 617 2251 680 absque

276 682 518 744 periculo?
550 678 636 725 rsed
675 677 852 740 spiritus
886 679 1006 741 apud
1040 679 1141 726 illos
1173 695 1254 742 per
1287 680 1516 728 intervalla
1548 693 1838 729 removentur
1870 698 1895 730 a
1932 683 2155 739 Domino,
2196 699 2252 731 ne

275 749 410 796 sciant
432 743 569 807 ‘quod
605 743 726 806 apud
750 745 983 806 hominem
1015 745 1132 801 sint3
1175 761 1281 792 nam
1320 746 1522 809 plerique
1559 746 1737 809 spiritus
1770 763 1861 795 non
1898 760 2081 805 norunt,
2122 749 2251 812 quod

274 813 387 862 alius
407 809 605 857 mundus
628 810 759 857 detur
781 826 923 873 quam
946 812 992 856 in
1015 826 1110 873 quo
1145 810 1227 866 illi,
1266 812 1327 857 ita
1365 827 1548 874 quoque
1583 813 1709 874 quod
1742 829 1833 860 non
1868 813 1972 861 alibi
2010 814 2211 862 homines
2232 837 2249 871 ;

270 887 540 942 quapropter
579 891 671 923 non
707 876 812 923 licet
849 875 1025 922 homini
1063 878 1178 923 cum?
1206 874 1294 922 illis
1333 876 1522 924 viciffim
1563 876 1707 938 loqui,
1753 894 1859 924 nam
1903 879 1936 926 fi
1977 880 2265 942 loqueretur,—

266 943 439 991 scirent.
510 939 607 1004 Qui
633 942 834 989 multum
855 941 912 988 de
936 941 1155 1003 religiosis
1183 941 1404 1003 cogitant,
1428 942 1477 988 ὅτ,
1503 940 1721 988 inhaerent
1743 941 1846 998 illis,
1880 943 2018 1006 usque
2053 958 2102 992 ut
2124 947 2247 1008 quasi

266 1007 448 1055 videant
480 1008 554 1053 illa
592 1009 710 1054 intus
749 1009 795 1054 in
835 1005 892 1063 se,
933 1008 1065 1054 etiam
1105 1006 1284 1069 spiritus
1334 1005 1483 1053 secum
1523 1006 1759 1069 loquentes
1803 1008 1953 1056 audire
1988 1010 2247 1073 incipiunt·,

268 1089 370 1121 nam
397 1074 615 1135 religiosa,
650 1088 934 1136 quaecunque
956 1070 1076 1129 sunt,
1114 1071 1297 1135 quando
1320 1073 1460 1119 homo
1483 1072 1568 1119 illis
1596 1089 1652 1119 ex
1678 1073 1718 1120 se
1752 1073 1953 1130 inhaeret‚
1996 1091 2076 1122 nec
2111 1079 2246 1124 inter-

265 1140 388 1204 polat
413 1142 541 1186 variis
564 1155 669 1201 quae
705 1138 806 1185 usus
838 1138 1020 1196 suntin
1056 1138 1247 1195 mundo,
1282 1139 1464 1185 interius
1489 1138 1678 1194 vadunt,
1720 1154 1770 1186 ac
1804 1139 1867 1186 ibi
1901 1140 2153 1198 subsistunt,
2193 1143 2249 1190 &-

264 1219 415 1254 totum
439 1205 635 1252 hominis
661 1205 866 1268 spiritum
902 1216 1151 1267 occupant,
1185 1219 1236 1251 ac
1275 1204 1439 1252 intrant
1475 1204 1743 1268 spiritualem
1780 1206 2023 1262 mundum,
2060 1208 2108 1255 ὅτ
2143 1222 2245 1254 mo-

263 1284 373 1319 vent
397 1270 572 1334 spiritus
593 1272 674 1333 qui
695 1271 767 1317 ‘ibi
788 1288 822 1325 ·‚·
843 1270 1046 1317 sedtales
1070 1271 1170 1318 sunt
1194 1269 1414 1317 vifionarii
1449 1271 1502 1318 δι’,Δ
1522 1269 1815 1326 enthufiastae‚
1849 1271 1899 1319 ὅτ
1923 1288 2246 1336 quemcunque

259 1337 467 1401 ‘spiritum
506 1337 712 1391 audiunt,
753 1337 943 1394 credunt
981 1336 1064 1383 effe
1099 1336 1304 1399 spiritum
1343 1335 1573 1392 sanftum,
1602 1352 1710 1383 cum
1745 1348 1896 1384 tamen
1927 1336 2026 1386 sunt
2066 1338 2242 1401 spiritus

260 1402 554 1452 enthufiastici
573 1423 590 1458 3
631 1404 711 1466 qui
742 1402 847 1449 tales
871 1401 988 1459 sunt,
1027 1401 1184 1449 vident
1217 1400 1319 1450 falsa
1343 1402 1455 1450 ficut
1476 1418 1596 1460 vera,
1634 1403 1684 1449 &
1707 1403 1813 1466 quia
1842 1404 1998 1450 vident
2035 1404 2111 1452 illa
2138 1421 2241 1468 per·

261 1469 442 1516 suadent
464 1469 560 1526 fibi,
596 1469 644 1516 δι
666 1484 851 1532 quoque
875 1468 1139 1531 persuadent
1171 1468 1257 1515 illis
1286 1469 1408 1530 apud
1431 1484 1547 1531 quos
1571 1468 1799 1524 influunt3
1846 1469 1896 1516 ὅτ
1920 1470 2024 1532 quia
2055 1470 2119 1517 illi
2152 1470 2240 1534 spi-

259 1537 368 1582 ritus
402 1536 534 1581 etiam
567 1547 800 1596 caeperunt
838 1533 1097 1595 persuadere
1128 1534 1260 1588 mala,
1293 1534 1456 1595 quibus
1479 1534 1629 1581 retiam
1663 1533 1898 1581 obeditum
1922 1534 2000 1591 est,
2035 1536 2137 1583 ideo
2157 1553 2250 1600 per-

258 1602 423 1663 gradus
446 1601 610 1647 remoti
631 1598 734 1646 sunt
749 1617 782 1648 ε.
812 1597 990 1661 spiritus
1023 1598 1320 1646 enthusiastici
1341 1599 1400 1661 ab
1421 1599 1516 1646 aliis
1539 1598 1766 1662 spiritibus
1796 1598 2135 1664 distinguuntur
2157 1619 2238 1665 per

261 1668 324 1722 id,
362 1666 495 1729 quod·
512 1664 694 1712 credant
726 1663 771 1711 ie
807 1664 895 1712 effe
925 1664 1133 1727 spiritum
1156 1663 1378 1720 sancitum,
1414 1665 1460 1712 δι
1487 1680 1593 1728 quae
1627 1665 1786 1712 dicunt
1816 1665 1900 1712 efl'e
1925 1667 2126 1714 Divina:
2170 1668 2255 1715 illi-⁴

254 1731 433 1793 spiritus
473 1746 564 1779 non
601 1741 764 1778 nocent
795 1729 988 1787 homini,
1023 1732 1128 1794 quia
1162 1730 1305 1778 homo
1338 1730 1437 1778 illos
1469 1731 1645 1778 Divino
1674 1731 1802 1779 cultu
1839 1731 2040 1781 honorat.
2111 1733 2241 1782 Cum

253 1797 338 1844 illis
360 1799 494 1845 etiam
517 1798 749 1860 aliquoties
772 1796 986 1859 loquutus
1010 1796 1126 1853 sum,
1155 1797 1211 1844 ’δε
1234 1808 1344 1844 tunc
1377 1811 1561 1860 quoque
1584 1796 1756 1845 deteEta
1788 1796 1890 1845 sunt
1913 1796 2092 1855 nefaria,
2127 1815 2235 1862 quae

254 1864 501 1912 cultoribus
525 1863 620 1909 suisv
646 1861 936 1910 infuderunt:
975 1862 1174 1909 habitant
1195 1862 1328 1910 simul
1351 1863 1409 1909 ad
1433 1862 1656 1910 sinistrum
1682 1864 1728 1909 in
1752 1863 1857 1911 loco
1877 1863 2064 1912 deserto.

322 1945 434 1990 250.
472 1931 541 1976 At
574 1928 700 1992 loqui
730 1943 840 1975 curn
864 1927 1055 1990 Angelis
1093 1927 1201 1975 coeli
1231 1943 1323 1975 non
1348 1928 1609 1975 conceditur
1638 1929 1748 1982 aliis,
1787 1944 1925 1991 quam
1948 1931 2029 1992 qui
2052 1933 2098 1977 in
2121 1932 2241 1979 veris

255 1999 319 2042 ex·
335 1995 456 2042 bono
478 1993 597 2051 sunt,
631 1995 846 2057 primario
883 1996 963 2055 qui
997 1995 1043 2039 in
1075 1993 1302 2056 agnitione
1323 1994 1517 2040 Domini
1545 2010 1596 2041 ac
1628 1994 1790 2040 Divini
1824 1995 1870 2042 in
1907 1995 2132 2043 Humano
2157 1999 2232 2059 sp·

253 2061 372 2115 fius3
417 2061 524 2123 quia
556 2060 642 2106 hoc
666 2060 842 2106 Verum
865 2058 928 2105 est
950 2059 1010 2106 in2
1033 2074 1128 2121 quo
1152 2059 1274 2105 Coeli
1312 2057 1443 2114 sunt3
1487 2075 1608 2112 nam,
1645 2072 1698 2105 ut
1734 2059 1862 2120 supra
1897 2059 2120 2110 ostensum
2152 2063 2250 2118 est,-

251 2127 482 2175 Dominus
517 2124 580 2172 est
607 2126 728 2172 Deus
752 2124 891 2180 Coeli,
927 2140 985 2170 n:
1011 2140 1037 2171 2
1073 2124 1130 2170 ad
1154 2123 1196 2170 6.
1266 2123 1492 2171 Divinum
1515 2125 1707 2172 Domini
1745 2122 1848 2178 facit
1883 2124 2074 2182 coelum,
2115 2143 2143 2173 n
2168 2146 2179 2174 :
2202 2145 2230 2191 7

252 2192 309 2239 ad
337 2208 411 2239 12.
477 2192 702 2238 Divinum
720 2190 913 2238 Domini
937 2191 983 2236 in
1007 2189 1147 2237 Coelo
1167 2188 1230 2236 est
1252 2205 1379 2237 amor
1402 2191 1448 2236 in
1473 2188 1645 2252 Ipsum,
1672 2192 1719 2237 &
1742 2189 1926 2237 charitas
1949 2206 2056 2254 erga
2078 2195 2232 2255 proxi-

253 2273 385 2304 mum
419 2257 474 2303 ab
498 2256 616 2320 Ipso,
657 2274 713 2305 n:
740 2273 793 2319 13
831 2256 885 2303 ad
916 2271 995 2320 191
1061 2255 1338 2303 Universum
1380 2255 1570 2303 Coelum
1607 2257 1653 2302 in
1688 2271 1780 2303 uno
1816 2256 2059 2319 complexu
2098 2256 2234 2306 refert.

252 2338 397 2370 unum
421 2323 671 2380 hominem,
691 2347 693 2349 ·
712 2321 912 2370 similiter
935 2323 1199 2384 unaquaevis
1238 2321 1418 2370 societas
1442 2322 1582 2378 Coeli,
1621 2337 1672 2368 ac
1696 2321 1996 2385 unusquisque
2021 2324 2233 2386 Angelus

249 2387 313 2434 est
349 2390 404 2435 in.
435 2385 631 2451 perfesta
662 2386 810 2435 forma
847 2387 1059 2444 humana,
1099 2388 1150 2435 &
1182 2388 1270 2435 hoc
1308 2403 1366 2436 ex
1390 2387 1562 2435 Divino
1584 2388 1808 2435 Humano
1834 2388 2040 2445 Domini,
2081 2402 2230 2452 ηιμ)

249 2454 306 2500 ad
333 2454 423 2509 86;
464 2469 519 2500 ex
542 2453 707 2516 quibus
730 2465 869 2517 patet,
908 2453 1032 2516 quod
1068 2451 1193 2516 loqui
1228 2469 1336 2500 cum
1366 2453 1532 2515 angelis
1565 2453 1675 2500 coeli
1698 2469 1788 2500 non
1813 2454 1944 2510 detur
1976 2454 2070 2501 aliis
2091 2470 2229 2518 quarn

246 2521 370 2582 apud
394 2521 508 2582 quo's
538 2521 744 2567 interiora
771 2531 919 2582 aperta
941 2518 1043 2566 sunt
1063 2523 1144 2582 per
1165 2520 1335 2566 Divina
1359 2528 1462 2566 vera
1484 2518 1699 2582 usquead
1721 2519 1997 2576 Dominum,
2039 2537 2150 2567 nam-
2183 2523 2230 2568 in

247 2586 322 2632 illa
346 2587 491 2632 influit
514 2586 743 2634 Dominus
774 2585 895 2648 apud
919 2585 1169 2641 hominem,
1208 2586 1255 2633 ὅτ
1285 2600 1394 2632 cum
1416 2585 1646 2632 Dominus
1682 2586 1813 2632 etiarn
1838 2585 2025 2632 Coelum
2067 2587 2230 2634 influit.

235 2652 392 2713 *Qod
417 2652 585 2698 Divina
607 2651 724 2711 Vera
754 2652 950 2714 aperiant
972 2651 1180 2698 interiora
1212 2651 1424 2707 hominis,
1464 2650 1527 2697 est
1548 2652 1654 2713 quia
1677 2649 1817 2698 homo
1850 2652 1910 2698 ita
1942 2663 2111 2698 creatus
2145 2652 2226 2709 est,-

245 2727 302 2767 m
323 2717 474 2780 quoad
498 2719 723 2765 internum
745 2716 979 2763 hominem
1004 2716 1057 2763 fit
1092 2717 1247 2779 imago
1280 2716 1405 2773 coeli,
1446 2717 1495 2763 &
1519 2716 1666 2779 quoad
1709 2730 1944 2763 externum
1981 2717 2036 2764 fit
2073 2717 2229 2780 imago
2252 2757 2256 2761 .

249 2784 425 2839 mundi,
468 2800 526 2830 n:
547 2798 627 2845 57,
668 2783 717 2829 ὅτ
754 2782 951 2828 internus
991 2782 1132 2828 homo
1173 2798 1264 2829 non
1303 2782 1495 2844 aperitur
1525 2797 1662 2844 quam
1701 2797 1780 2843 per
1800 2782 2026 2829 Divinum
2051 2783 2227 2830 Verum

247 2849 490 2908 procedens
514 2864 538 2894 a
562 2850 784 2902 Domino,
821 2847 926 2909 quia
949 2846 994 2893 id
1018 2846 1081 2893 est
1106 2846 1185 2893 lux
1208 2846 1316 2894 coeli
1339 2848 1390 2893 δε
1413 2847 1506 2893 vita
1534 2847 1643 2893 coeli
1677 2863 1707 2893 n
1727 2864 1738 2894 ε
1764 2847 1854 2895 126
1875 2847 1931 2894 ad
1960 2863 2067 2908 140.
2118 2882 2122 2885 -
2168 2883 2172 2885 »

316 2928 424 2974 251.
457 2915 658 2961 Influxus
682 2913 823 2976 Ipsius
842 2913 1034 2960 Domini
1066 2912 1186 2976 apud
1210 2912 1442 2960 'nominem
1476 2912 1545 2959 est?
1569 2913 1615 2958 in
1650 2910 1847 2959 frontem
1873 2913 2007 2969 illius,
2043 2914 2092 2960 &
2121 2914 2226 2962 inde

248 2978 294 3024 in
329 2990 471 3026 totam
492 2978 672 3036 faciem,
711 2979 928 3042 quoniam
951 2977 1075 3025 frons
1101 2979 1298 3026 hominis
1328 2978 1642 3041 correspondet
1675 2980 1835 3034 amori,
1877 2979 1926 3026 &
1956 2977 2086 3026 facies
2125 2996 2224 3026 cor·

248 3043 484 3107 respondet
517 3046 728 3092 omnibus
769 3044 1050 3092 interioribus
1088 3042 1184 3109 ejus
1204 3047 1310 3104 (ss).
1381 3044 1584 3091 Influxus
1617 3045 1884 3107 angelorum
1930 3044 2226 3156 spiritualium}

580 3119 582 3122 ’
674 3123 676 3125 ’
712 3123 715 3125 “
2105 3127 2187 3171 apii

304 3208 385 3265 (ss)
417 3205 541 3262 Qod
568 3207 674 3251 frons
693 3207 995 3266 correspondeat
1027 3209 1154 3252 amori
1186 3209 1355 3275 coelesti,
1381 3210 1420 3252 δι
1442 3210 1534 3252 inde
1554 3211 1595 3252 in
1611 3209 1752 3253 Verbo
1769 3209 1964 3266 significet
1984 3211 2096 3252 illum
2116 3222 2232 3248 amo-

1290 3297 1294 3302 ,
2117 3277 2226 3317 rem,
