2546 3786
535 181 1271 304 122200E3102sw'
1307 211 1517 302 1N1÷
1553 214 1911 303 miso.
2132 238 2235 300 59

233 344 310 391 uhi
334 343 389 391 de
415 344 895 410 Repraesentationibus
916 345 971 407 ὃς
991 343 1296 408 ApparentiiS,
1338 359 1387 391 ac
1410 343 1465 391 de
1490 345 1719 408 Tempore
1750 347 1798 395 δε
1819 346 1968 410 Spatio
2000 346 2045 393 in
2071 346 2206 402 Coelo

232 410 459 472 agendum
484 410 563 466 est,
602 411 658 458 ad
682 404 955 474 intelleffum
986 410 1240 455 evidentius
1275 408 1487 456 sistentur.
1558 411 1896 474 Qod-Angeli
1920 424 2020 459 ante
2043 410 2204 460 faciem

232 475 480 523 constanter
507 474 697 529 habeant
717 473 991 530 Dominum,
1026 475 1110 521 hoc
1134 491 1190 521 ex
1214 475 1355 522 multa
1386 476 1654 538 experientia
1678 477 1787 524 mihi
1811 477 1966 524 datum
1991 475 2054 523 est
2076 477 2199 532 scire,

230 543 278 588 &
303 557 484 605 quoque
518 541 775 604 percipere3
820 541 994 601 quoties
1018 541 1137 587 enim
1172 556 1278 587 cum
1302 542 1492 604 Angelis
1531 542 1575 587 in
1597 542 1822 592 ‘consortio
1859 540 1941 599 fui,
1975 542 2203 605 praesentia

228 608 419 653 Domini
454 619 554 654 ante
591 602 748 654 faciem
786 620 931 651 meam
967 604 1268 652 animadversa
1306 605 1386 662 est,
1425 609 1505 669 qui
1538 607 1708 654 tametsl
1744 624 1835 655 non
1877 607 2013 665 visus,
2060 606 2198 671 usque

229 668 554 738 perceptus-test:
568 669 615 715 in
638 668 769 724 luce3
810 669 935 733 quod
973 671 1031 717 ita
1055 671 1132 738 sit,
1168 673 1302 718 etiam
1328 671 1486 735 saepius
1521 671 1663 719 testati
1702 671 1802 721 su'nt
1823 673 2006 737 Angeli.
2078 674 2202 732 Quia

227 737 457 801 Dominus
473 732 722 799 constanter
744 734 804 781 est
829 748 929 783 ante
953 734 1111 784 faciem
1138 737 1444 799 Angelorum,
1469 738 1572 785 ideo
1594 739 1728 786 etiam
1750 739 1913 786 dicitur
1937 741 1981 786 in
2007 739 2199 796 mundo,

229 815 298 862 ut·-
321 797 471 863 Deum
506 811 605 847 ante
640 801 799 865 oculos
830 801 878 848 &
905 800 1067 849 faciem
1104 802 1306 857 habeant,
1353 804 1403 848 δε
1437 802 1603 865 Ipsum,
1634 803 1843 864 spectent,
1879 805 1929 852 δε
1962 805 2088 868 quod
2123 806 2193 851 vi-

226 861 355 915 dean't
379 864 548 927 ipsum,
582 867 662 929 qui
687 866 875 914 credunt
909 867 953 912 in
978 866 1130 929 Ipsum
1166 867 1215 913 δε
1238 878 1390 912 amant
1413 867 1565 928 Ipsum
1588 887 1603 922 ς
1639 868 1762 929 quod
1788 869 1929 917 homo
1951 870 2010 917 ita
2039 870 2195 934 loqua-

225 946 311 987 tur,
347 931 409 978 est
432 947 486 978 ex
511 931 720 994 spirituali
744 932 935 989 mundo,
970 947 1074 979 nam
1100 931 1204 979 inde
1228 931 1355 995 plura
1379 931 1423 977 in
1456 930 1634 995 loquela
1657 933 1848 980 humana
1872 933 1987 990 sunt,
2022 935 2195 984 tametsi

224 995 363 1044 horno
385 996 528 1044 nescit
541 997 667 1060 quod
690 998 794 1044 inde
809 997 908 1045 fint.
1224 997 1246 1037 ἶ

293 1078 399 1123 144.
437 1063 584 1122 Quod
612 1055 708 1110 talis
746 1063 976 1111 conversio
1005 1063 1060 1110 ad
1079 1062 1338 1111 Dominum
1363 1062 1431 1119 fit,
1473 1061 1586 1109 inter
1610 1061 1829 1109 mirabilia
1851 1064 1958 1111 coeli
1982 1063 2060 1121 est,
2092 1081 2197 1113 nam

219 1129 399 1193 poffunt
422 1127 570 1192 plures
594 1128 656 1175 ibi
690 1129 738 1181 in
761 1145 853 1176 uno
887 1125 988 1176 loco
1018 1129 1119 1187 este,
1154 1129 1203 1176 &
1228 1145 1343 1176 unus
1367 1128 1454 1175 alio
1485 1127 1741 1176 convertere
1765 1126 1923 1177 faciem
1962 1132 2010 1178 δε
2033 1146 2197 1194 corpus

219 1195 357 1258 quam
393 1195 607 1251 alten&
633 1192 767 1258 usque
808 1195 965 1242 omnes
1003 1195 1158 1242 vident
1181 1195 1439 1255 Dominum
1483 1206 1582 1240 ante
1623 1193 1678 1250 se,
1717 1195 1764 1241 &
1800 1195 2102 1259 unusquisque
2138 1196 2195 1243 ad

219 1263 430 1308 dextrum
456 1260 585 1307 suum
609 1259 739 1307 habet
763 1261 1011 1316 meridiem,
1054 1261 1112 1307 ad
1147 1259 1367 1309 sinistrum
1402 1259 1763 1322 septentrionem,
1796 1261 1845 1307 δε
1875 1278 1899 1308 a
1923 1274 2052 1324 tergo
2074 1263 2193 1309 occi·

218 1328 413 1373 dentem.
483 1327 603 1373 Inter
628 1325 844 1373 mirabilia
866 1327 997 1373 etiam
1034 1325 1113 1382 est,
1150 1325 1274 1388 quod
1300 1325 1471 1372 tametfi
1503 1326 1652 1372 omnis
1686 1326 1882 1388 aspectus
1909 1328 2195 1390 Angelorum

220 1392 282 1439 est
306 1392 360 1438 ad
386 1391 636 1446 Orientem,
673 1391 810 1455 usque
833 1404 982 1439 tamen
1013 1391 1097 1440 illis
1131 1392 1482 1454 aspectus'etiam
1509 1391 1560 1437 fit
1591 1390 1645 1437 ad
1672 1403 1756 1437 tres
1782 1391 1969 1454 reliquas
2006 1393 2157 1456 plagas
2176 1415 2193 1450 ς,
2219 1452 2221 1454 v

217 1458 291 1514 sed
315 1458 369 1504 ad
394 1456 468 1503 has
491 1456 554 1504 est
577 1457 772 1519 aspectus
795 1473 851 1504 ex
874 1457 969 1507 visu
1003 1472 1161 1504 eorum
1199 1457 1416 1512 interiori,
1458 1459 1538 1519 qui
1574 1455 1652 1504 est.
1673 1458 1969 1519 cogitationis.
2039 1459 2195 1506 Etiam

218 1526 332 1570 inter
356 1522 571 1569 mirabilia
594 1521 674 1578 est,
714 1522 838 1585 quod
864 1521 1081 1586 nusquam
1107 1522 1403 1579 liceatalicui'
1426 1523 1472 1568 in
1497 1521 1636 1568 Coelo
1659 1522 1766 1568 stare
1797 1539 1821 1568 a
1845 1535 1973 1586 tergo
1995 1523 2223 1584 alteriustj

218 1591 267 1636 δε
291 1588 480 1651 Γρεᾶειτε
515 1587 571 1634 ad
599 1587 864 1651 occipitium
887 1586 1001 1651 ejuS,
1036 1589 1087 1635 ὅτ
1109 1588 1233 1651 quod
1259 1600 1368 1635 tunc
1407 1585 1615 1634 turbetur
1651 1587 1848 1634 influxus
1881 1587 1987 1635 boni
2020 1589 2070 1636 δε
2096 1592 2191 1636 veri
2216 1587 2217 1590 ’

219 1654 296 1718 qui
327 1670 350 1700 a
375 1653 593 1700 Domino.
756 1710 758 1717 s
1473 1661 1480 1667 '
1603 1659 1605 1661 ’
1922 1665 1942 1680 ·
2220 1656 2222 1659 ’

290 1736 394 1780 145.
431 1719 602 1781 Angeli
642 1718 766 1766 aliter
799 1718 956 1766 vident
979 1719 1255 1775 Dominum,
1290 1719 1338 1766 &
1374 1719 1605 1766 Dominus
1641 1718 1764 1764 aliter
1801 1713 1929 1765 videt
1955 1719 2192 1782 Angelos;

219 1785 393 1847 Angeli
435 1785 592 1831 vident
625 1785 882 1831 Dominum
930 1800 1009 1848 per
1050 1785 1224 1840 oculos,
1277 1785 1509 1831 Dominus
1547 1781 1721 1831 auten?
1739 1783 1864 1831 videt
1902 1786 2108 1847 Angelos
2148 1787 2194 1831 in
2236 1830 2238 1833 .

219 1850 402 1906 fronte3
437 1849 561 1901 causa
583 1851 708 1912 quod
732 1852 778 1897 in
801 1849 964 1906 fronte,
1000 1849 1064 1897 est
1084 1851 1192 1913 quia
1210 1849 1332 1897 frons
1356 1849 1671 1914 correspondet
1700 1851 1860 1906 amori,
1877 1858 1879 1861 “
1894 1850 1944 1897 δε
1966 1846 2207 1898 Dominus.

219 1931 299 1978 per
319 1931 518 1975 amorem
552 1915 700 1962 influit
723 1917 768 1962 in
795 1916 1074 1963 voluntatem
1091 1916 1294 1971 illorum,
1329 1916 1377 1963 δε
1401 1913 1518 1962 facit,
1541 1915 1581 1962 se
1603 1915 1758 1972 videri
1785 1927 1864 1978 per
1902 1915 2197 1974 intellestum,
2240 1915 2243 1917 ’

218 1983 292 2028 cui
327 1978 671 2043 correspondent
704 1981 823 2027 oculi
838 1983 863 2039 (
864 1981 992 2037 aaa).
1877 1986 1883 1996 '

289 2047 397 2103 146,
432 2046 520 2092 Sed
545 2045 761 2091 differunt
783 2045 938 2107 Plagae
972 2047 1018 2091 in
1040 2045 1187 2090 Coelis
1220 2044 1301 2106 qui
1331 2043 1608 2091 constituunt
1639 2045 1859 2106 Regnum
1891 2045 2071 2093 coeleste
2093 2047 2192 2094 Do·

217 2113 348 2169 mini,
383 2128 408 2158 a
431 2110 582 2173 Plagis
617 2110 662 2157 in
697 2109 843 2158 Coelis
878 2111 958 2173 qui
991 2108 1270 2158 constituunt
1292 2110 1514 2172 Regnum
1549 2107 1769 2172 spirituale
1792 2108 1952 2171 Ipsius,
1991 2125 2047 2157 ex
2069 2112 2194 2159 causa

217 2178 322 2241 quia
343 2177 573 2225 Dominus
596 2187 775 2240 apparet
800 2175 989 2239 Angelis
1011 2177 1091 2238 qui
1126 2177 1171 2222 in
1193 2177 1361 2238 Regno
1385 2175 1526 2238 Ipfius
1558 2174 1728 2221 coelesti
1761 2173 1861 2221 sunt
1885 2187 1936 2222 ut
1959 2175 2053 2231 Sol,
2093 2178 2196 2225 An-

218 2243 329 2306 gelis
361 2256 518 2298 autem·
537 2243 617 2305 qui
651 2244 697 2289 in
723 2243 888 2304 Regno
923 2240 1066 2305 Ipsius
1098 2240 1313 2305 spirituali
1351 2253 1404 2288 ut
1426 2240 1595 2295 Luna3
1636 2241 1684 2287 δι
1706 2240 1869 2288 Oriens
1900 2240 1963 2288 est
1994 2241 2073 2288 ubi
2095 2242 2195 2290 Do-

220 2309 370 2369 minus
402 2320 609 2372 apparet:
658 2307 862 2355 distantia
889 2307 1003 2355 inter
1042 2307 1191 2356 Solem
1228 2308 1279 2354 8τ
1300 2306 1487 2354 Lunam
1526 2305 1587 2352 ibi
1623 2305 1686 2352 est
1724 2306 1907 2368 triginta
1949 2307 2210 2370 graduum‚‘

218 2375 324 2422 inde
369 2374 522 2428 fimilis
569 2372 632 2420 est
668 2373 926 2436 Plagarum.
997 2373 1143 2431 Quod
1178 2371 1367 2421 Coelum
1406 2371 1668 2420 distinctum
1702 2371 1756 2419 fit
1793 2374 1839 2418 in
1878 2372 1972 2420 duo
2011 2374 2191 2437 Regna,

216 2456 321 2503 quae
346 2451 562 2487 vocantur
585 2440 803 2502 Regnum
827 2438 1024 2487 Coeleste
1055 2440 1104 2486 &
1130 2439 1345 2502 Regnum
1374 2438 1630 2502 Spirituale‚
1663 2438 1869 2485 videatur
1891 2440 1936 2486 in
1960 2437 2040 2486 suo
2063 2442 2194 2487 Arti-

217 2506 323 2554 culo
356 2522 385 2552 n
403 2523 416 2553 :
437 2521 496 2554 20
519 2505 573 2552 ad
602 2509 660 2553 28
681 2524 695 2552 .·
739 2504 788 2551 &
812 2505 938 2567 quod
963 2505 1191 2552 Dominus
1223 2517 1429 2568 appareat
1458 2505 1503 2550 in
1527 2505 1692 2566 Regno
1728 2502 1899 2550 coelesti
1929 2516 1982 2552 ut
2005 2505 2100 2561 Sol,
2141 2506 2192 2553 ὅτ

218 2573 265 2620 in
289 2573 455 2633 Regno
483 2569 693 2634 spirituali
718 2582 770 2617 ut
791 2570 926 2618 Luna
964 2587 1021 2619 n:
1043 2575 1130 2619 118
1153 2587 1165 2617 ε
1209 2569 1283 2617 sed
1317 2569 1455 2633 usque
1478 2569 1633 2632 Plagae
1653 2569 1776 2616 Coeli
1799 2585 1878 2633 per
1914 2570 1962 2617 id
1995 2586 2089 2617 non
2122 2571 2192 2629 in-

218 2636 437 2684 distinctae
456 2636 586 2693 fiunt,
609 2637 822 2700 quoniam
846 2636 1017 2700 Angeli
1047 2635 1291 2699 spirituales
1324 2652 1415 2683 non
1443 2635 1623 2699 poffunt
1645 2634 1875 2684 ascendere
1907 2635 1964 2683 ad
1986 2636 2194 2699 Angelos
2275 2691 2277 2693 ,

219 2701 438 2760 coelestes,
467 2718 548 2749 nec
573 2702 618 2768 hi
638 2698 903 2750 ⁴descendere
935 2703 990 2750 ad
1023 2702 1141 2759 illos,
1175 2701 1379 2749 videatur
1414 2716 1562 2765 112'35
1586 2698 1730 2764 supra.
2197 2699 2202 2703 ’

1268 2781 1327 2828 Η·
1360 2798 1385 2830 2
1926 2818 1929 2821 f
1955 2776 2060 2843 147‘.
2076 2778 2195 2831 'Inde

284 2943 404 2998 (aaa)
435 2942 559 2997 Qod
580 2943 706 2985 Frons
731 2942 1029 2996 correspondeat
1056 2942 1184 2984 amori
1214 2941 1381 2991 coelesti,
1414 2941 1454 2983 &
1473 2941 1578 2997 quod
1600 2940 1689 2982 ideo
1708 2953 1778 2994 per
1799 2940 1974 2981 frontem
1994 2941 2035 2982 in
2052 2941 2193 2984 Verbo

228 3001 292 3041 ille
325 3012 436 3040 amor
465 3000 725 3055 significetur,
756 3013 811 3040 n:
833 3000 961 3055 9936.
1020 2997 1144 3053 Qod
1177 2999 1315 3041 oculus
1346 3000 1646 3052 correspondeat
1676 2997 1910 3047 intelleof’tui,
1952 2998 2044 3052 quia
2071 3000 2194 3041 intel-

224 3057 348 3101 ledius
368 3054 422 3096 est
439 3057 541 3098 visus
561 3058 753 3106 internus,
786 3070 838 3097 n:
862 3069 990 3113 2701.
1006 3070 1134 3110 4410.
1148 3057 1277 3112 4526.
1290 3064 1420 3113 9051.
1441 3056 1594 3111 10569.
1655 3053 1793 3107 Qare
1823 3054 1962 3096 tollere
1988 3054 2124 3097 oculos
2152 3056 2192 3097 δε

226 3114 375 3164 videre,
405 3111 595 3166 fignificat
613 3114 848 3168 intelligere,
879 3114 1095 3169 percipere,
1118 3114 1165 3157 ὅτ
1190 3115 1519 3164 animadvertere,
1554 3127 1609 3155 n:
1631 3113 1758 3170 2789.
1777 3112 1903 3169 2829.
1921 3113 2047 3170 319&
2067 3126 2191 3171 3202.
2247 3169 2251 3173 ,

226 3172 311 3226 408
319 3184 356 3227 3.
375 3168 502 3223 4086.
517 3182 647 3228 4339.
665 3171 792 3227 5684.
1612 3198 1614 3202 -
