2546 3786
349 243 484 323 1⁴28.
665 246 733 315 D,
754 265 788 306 E
818 241 1045 317 -,G⁷O·E
1072 240 1222 307 „L-IO
1269 262 1318 305 ,Β
1350 264 1391 306 τ
1450 244 1483 305 Ι
1510 244 1579 309 N
1603 243 1739 315 F-E,
1758 245 1913 313 RN
1945 246 2025 311 Ο.

348 383 499 431 porea,
539 367 859 430 occupaverint*
878 365 926 422 ὃς
951 364 1239 427 impleverint
1259 375 1433 414 mentes
1465 380 1640 423 eorum,
1675 365 1720 413 in
1742 376 1922 412 tantum
1961 377 2014 412 ut
2036 380 2127 412 non
2163 366 2325 415 elevari

349 434 598 498 ,possentsin
620 435 765 482 lucem
791 431 916 487 coeli,
955 446 1005 476 ac
1030 432 1191 477 intueri
1217 444 1284 476 res
1306 428 1518 483 Ecclesiae
1549 431 1666 493 ultra
1696 430 1991 485 doctrinalia3
2018 446 2079 477 ex
2106 428 2332 494 corporeis

353 499 474 547 enim
500 501 549 547 ὅτ
574 498 827 552 mundaniS‚
863 511 970 552 cum
1007 507 1180 542 tantum
1222 499 1429 542 amantur
1446 510 1673 558 quantum
1697 497 1845 554 hodie,
1885 497 2080 544 influunt
2104 513 2242 544 merae
2265 511 2327 546 te·

354 565 521 620 nebrae,
557 579 663 611 cum
689 563 869 609 ulterius
895 560 1082 618 vadunt.⁴
1487 568 1489 572 ’
2335 608 2338 613 ,

426 646 532 692 313·
568 628 789 681 Permulti
819 643 875 674 ex
901 626 1102 679 Eruditis
1135 641 1160 672 e
1186 624 1437 673 Christiano
1471 625 1596 682 orbe,
1634 624 1967 691 obstupescunt,
2012 643 2122 675 cum
2161 626 2202 676 se
2230 627 2331 691 post

344 696 531 743 obitum
559 694 712 740 vident
735 695 780 739 in
813 707 1017 756 corpore,
1054 693 1104 740 in,
1123 689 1338 750 vestibuS,
1374 693 1510 755 inque
1542 691 1782 748 domibus„
1811 694 1923 753 ficut
1956 695 2002 740 in
2026 694 2237 749 mundo,
2280 695 2329 742 δε

346 777 463 808 cum
506 770 768 807 revocantur
805 760 852 805 in
892 759 1157 813 memoriam
1182 772 1290 820 quae
1321 759 1638 820 cogitaverunt
1674 757 1730 804 de
1753 759 1850 805 vita
1883 759 1986 822 post
2019 773 2231 816 mortem,
2272 761 2328 807 de

348 829 517 882 anima,
555 826 612 873 de
635 824 892 888 spiritibus,
923 825 972 872 &
1010 824 1066 870 de
1098 824 1221 870 coelo
1256 825 1307 869 &
1345 821 1537 880 inferno,
1575 822 1750 886 pudore
1781 823 2051 884 afficiuntur,
2089 827 2137 872 ὅτ
2171 827 2334 872 dicunt

356 892 400 938 se
439 889 556 938 fatue
594 890 868 954 cogitaviffe,
904 906 955 937 ac
993 889 1216 952 simplices
1255 888 1345 936 fide
1373 889 1522 936 multo
1549 887 1784 954 sapientius
1807 905 1946 952 quam
1978 891 2069 939 illi:
2116 892 2334 954 explorati

355 957 458 1004 sunt
493 956 691 1015 Eruditi,
732 956 811 1020 qui
845 956 1230 1003 confirmaverunt
1270 955 1310 1002 se
1348 956 1395 1001 in
1435 955 1612 1011 talibus,
1656 956 1707 1002 ὅτ,
1745 956 1826 1018 qui
1861 957 2221 1005 omnianaturae
2260 958 2339 1004 ad-

356 1022 654 1086 scrispserunt,
689 1023 738 1070 &
771 1034 1059 1084 compertum
1085 1020 1164 1077 est,
1205 1021 1332 1083 quod
1355 1022 1564 1069 interiora
1583 1035 1743 1067 eorum
1768 1023 1946 1083 prorsus
1976 1020 2116 1069 clausa
2149 1007 2251 1079 lint}
2290 1026 2339 1071 ὅτ.

355 1091 570 1137 exteriora
591 1101 756 1153 aperta,
791 1089 850 1135 fic
873 1100 925 1134 ut
948 1103 1040 1142 non
1065 1083 1356 1158 spectaverint
1385 1087 1442 1134 ad
1458 1086 1662 1143 ‚coelum,
1689 1085 1776 1146 ⁴sed
1798 1087 1853 1134 ad
1880 1087 2126 1145 mundum,
2147 1089 2338 1152 proinde

358 1155 496 1204 etiam
548 1155 603 1202 ad
641 1153 903 1207 infernum;
963 1167 1067 1198 nam
1104 1164 1336 1214 quantum
1357 1152 1577 1199 interiora
1614 1163 1766 1215 aperta
1788 1151 1922 1210 .sunt,
1962 1165 2139 1213 tantum
2173 1153 2343 1217 ‚speEmt

359 1221 501 1269 homo
531 1221 590 1267 ad
615 1220 805 1281 coelum,
839 1228 1062 1281 quantum
1093 1230 1244 1266 autem
1276 1218 1484 1266 interiora
1521 1217 1677 1266 clausa>
1702 1217 1803 1266 sunt
1842 1220 1892 1267 δε
1929 1222 2145 1280 exteriora
2171 1233 2339 1281 aperta,

354 1299 536 1334 tantum
561 1285 725 1348 spectat
746 1285 801 1331 ad
827 1282 1053 1331 infer-num
1073 1301 1085 1331 ε
1127 1284 1337 1331 interiora
1355 1285 1479 1331 enim
1504 1284 1698 1333 hominis
1721 1285 1778 1332 ad
1801 1286 2106 1349 receptionem
2132 1285 2342 1335 omnium

357 1352 483 1400 Coeli
506 1350 698 1398 formata
721 1350 839 1406 sunt,
874 1351 924 1397 δε
946 1349 1162 1396 exteri0ra
1195 1349 1252 1397 ad
1277 1351 1577 1413 receptionem
1600 1350 1812 1405 omnium
1837 1351 2016 1409 mundi,
2055 1353 2105 1400 &
2127 1352 2207 1415 qui
2231 1353 2342 1399 reci-

355 1419 490 1481 piunt
513 1417 741 1464 mundum
764 1418 813 1464 &
839 1431 929 1463 non
952 1414 1083 1462 fimul
1116 1415 1309 1471 coelum,
1343 1417 1564 1479 recipiunt
1598 1415 1824 1465 infernum
1845 1418 1948 1477 (ii).

426 1500 535 1546 314.
572 1483 718 1540 Quod
735 1482 931 1540 -Coelurn
968 1481 1020 1528 fit
1056 1497 1112 1528 ex
1135 1482 1360 1529 Humano
1379 1498 1565 1545 genere,
1602 1481 1801 1530 constare
1834 1483 1970 1530 etiam
2005 1481 2152 1546 potest
2182 1499 2240 1530 ex
2271 1499 2344 1541 eo,

356 1550 486 1613 quod
511 1550 693 1596 Mentes
730 1549 945 1611 angelicae
977 1548 1028 1595 δε
1052 1547 1473 1596 Mentes’humanae
1496 1548 1665 1596 fimiles‘
1682 1548 1785 1605 sint,
1821 1561 2025 1612 utraeque
2054 1549 2256 1611 gaudent
2278 1549 2344 1598 fa-

353 1616 524 1663 cultate
554 1615 851 1677 intelligendi,
890 1613 1167 1677 percipiendi
1190 1614 1239 1660 &
1263 1613 1479 1670 volendi,
1510 1628 1716 1678 utraeque
1734 1614 1792 1660 ad
1818 1615 2125 1677 recipiendum
2154 1615 2343 1663 Coelum

355 1679 567 1728 formatae
589 1678 725 1736 sunt,
772 1695 876 1726 nam
903 1685 1028 1726 mens
1065 1677 1262 1733 humana
1290 1694 1421 1742 aeque
1459 1679 1569 1742 sapit
1592 1695 1651 1727 .ac
1690 1695 1816 1726 mens
1851 1680 2065 1743 angelica,
2101 1679 2174 1727 secl
2214 1683 2343 1744 quod

358 1763 453 1794 non
475 1758 654 1794 tantum
679 1745 818 1809 sapiat
840 1746 886 1792 in
910 1743 1102 1800 mundo,
1135 1743 1199 1791 est
1222 1746 1328 1807 quia
1358 1747 1406 1791 in
1429 1760 1619 1808 corpore
1651 1745 1841 1792 terrestri
1863 1745 1943 1802 est,
1981 1746 2029 1793 δε
2057 1747 2103 1792 in
2135 1762 2190 1794 eo
2215 1763 2342 1794 mens

357 1811 453 1874 eius
476 1812 709 1875 spiritualis
732 1813 903 1874 cogitat
926 1810 1181 1856 naturaliter
1199 1831 1216 1866 ς
1250 1810 1378 1858 'aliter
1401 1825 1510 1872 vero
1549 1826 1661 1862 cum
1695 1811 1836 1858 soluta
1866 1811 1929 1858 est
1963 1828 1991 1858 a
2014 1812 2200 1859 vinculo
2234 1829 2343 1860 cum

357 1879 439 1926 illo
460 1893 664 1940 corpore,
694 1889 808 1924 tunc
848 1892 940 1923 non
975 1874 1170 1938 amplius
1201 1875 1456 1923 naturaliter
1491 1875 1566 1923 sed
1607 1875 1888 1940 spiritualiter
1917 1878 2106 1939 cogitat,
2145 1879 2196 1925 &
2233 1894 2341 1926 curn

357 1943 655 2007 spiritualiter,
705 1955 814 1991 tunc
853 1940 1315 2004 incomprehensibilia
1350 1943 1401 1988 &
1434 1941 1674 1990 ineffabilia
1710 1942 1896 1990 naturali
1945 1943 2119 1990 homini
2157 1945 2347 2006 cogitat,

355 2011 421 2057 ita
443 2010 554 2058 ficut
577 2010 784 2072 Angelus
816 2007 962 2072 sapit;
999 2023 1056 2055 ex
1077 2008 1243 2071 quibus
1275 2006 1473 2055 constare
1497 2007 1659 2071 potest,
1700 2009 1828 2071 quod
1861 2009 2096 2056 internum
2130 2009 2345 2067 hominis,

358 2076 488 2138 quod
526 2089 717 2123 vocatur
749 2073 845 2138 ejus
870 2075 1080 2137 Spiritus,
1125 2073 1178 2120 fit
1213 2074 1259 2120 in
1295 2074 1474 2120 effentia
1514 2073 1585 2121 sua
1606 2074 1832 2135 Angelus,
1873 2074 2080 2132 videatur
2117 2073 2247 2137 supra
2283 2092 2343 2124 n:

359 2158 426 2205 57
447 2141 581 2203 (kk)·‚
621 2142 833 2203 quicum
857 2139 1025 2187 solutus
1056 2138 1121 2187 est
1156 2155 1182 2186 a
1202 2139 1392 2186 terrestri
1420 2153 1609 2202 corpore
1644 2155 1775 2202 aeque
1805 2137 1870 2187 est
1903 2139 1950 2186 in
1983 2138 2130 2186 forma
2152 2141 2350 2189 humana

364 2224 417 2255 ac
440 2206 681 2270 Angelus;
709 2206 848 2269 'quod
876 2205 1082 2269 Angelus
1104 2204 1158 2251 sit
1179 2205 1226 2251 in
1250 2203 1444 2267 perfefta
1467 2204 1614 2253 forma
1646 2205 1856 2262 humana,
1880 2206 2083 2252 videatur
2117 2205 2246 2269 supra
2283 2224 2313 2254 n
2332 2225 2346 2254 ;

369 2289 427 2337 73
458 2273 514 2320 ad
541 2288 600 2336 77
622 2291 632 2320 :
675 2288 782 2319 cum
805 2283 955 2320 autem
979 2272 1213 2319 Internum
1239 2270 1436 2318 hominis
1459 2286 1549 2318 non
1571 2270 1874 2335 apertum'est
1912 2271 2060 2335 supra,
2101 2271 2173 2319 sed
2206 2273 2348 2320 modo

361 2338 494 2395 infra,
535 2351 646 2386 tunc
671 2338 807 2402 usque
831 2338 944 2386 illud
968 2336 1069 2401 post
1093 2336 1361 2385 solutionem
1385 2352 1410 2383 a
1430 2353 1620 2403 corpore
1655 2337 1720 2384 est
1754 2338 1801 2384 in
1840 2335 1987 2385 forma
2023 2337 2233 2394 humana,
2271 2338 2348 2385 sed

362 2406 460 2452 dira
492 2405 542 2452 δι
566 2404 819 2460 diabolicas
867 2420 972 2452 nam
1012 2419 1104 2451 non
1140 2402 1329 2467 speetare
1366 2403 1512 2467 potest
1554 2402 1724 2452 sursum
1756 2402 1816 2450 ad
1855 2404 2049 2460 coelum,
2095 2403 2169 2451 sed
2207 2404 2349 2452 modo

361 2470 573 2519 deorsum
596 2471 654 2517 ad
679 2469 921 2519 infernum.
2339 2515 2343 2517 .

434 2554 544 2600 315.
581 2537 681 2594 Qui
719 2537 776 2584 de
799 2538 974 2584 Ordine
995 2535 1171 2583 Divino
1193 2535 1433 2584 instructus
1457 2536 1538 2594 est,
1577 2536 1714 2583 etiam
1752 2534 2000 2598 intelligere
2024 2535 2186 2598 potest,
2219 2536 2347 2599 quod

360 2602 508 2651 >‘homo
529 2614 699 2651 creatus
723 2602 777 2650 fit
801 2615 852 2650 ut
874 2603 952 2650 fiat
975 2602 1199 2665 Angelus,
1240 2604 1346 2665 qula
1367 2604 1414 2651 in
1437 2603 1516 2650 illo
1549 2601 1615 2651 est
1637 2602 1854 2649 ultimum
1878 2602 2046 2648 ordinis
2078 2618 2108 2648 n
2127 2619 2137 2648 :
2158 2616 2269 2666 304,
2302 2602 2348 2647 in

2259 2682 2354 2729 quo

424 2803 504 2858 (ii)
537 2801 660 2854 Qiod
682 2803 723 2844 in
745 2803 908 2844 homine
927 2802 1167 2858 conjuncius
1185 2802 1231 2843 sit
1247 2799 1422 2844 mundus
1437 2801 1647 2856 spiritualis
1664 2801 1704 2843 δι
1719 2802 1892 2843 mundus
1909 2800 2113 2847 naturalis,
2143 2814 2172 2840 n
2191 2814 2200 2841 ε
2222 2802 2276 2845 60
2281 2816 2352 2859 57.

359 2858 490 2912 ²(Qiod
513 2859 723 2901 Internum
752 2861 922 2901 hominis
949 2858 998 2901 sit
1026 2860 1073 2900 ad
1100 2861 1318 2914 imaginem
1340 2859 1448 2901 Coeli
1471 2860 1705 2908 formatum,
1738 2857 1966 2900 Externum
1995 2866 2133 2899 autem
2168 2859 2215 2898 ad
2249 2860 2351 2901 ima·

363 2919 507 2970 -ginern
529 2918 687 2966 mundi,
718 2931 772 2958 n:
796 2918 924 2971 3628.
943 2928 1071 2973 4523.
1085 2930 1215 2971 4524.
1232 2919 1360 2971 6057.
1377 2918 1607 2973 6314.970
1617 2918 1655 2958 6.
1676 2918 1830 2971 10156.
1849 2927 2001 2971 10472.

433 2973 530 3028 (kk)
562 2972 686 3026 Qod
715 2975 884 3013 totidem
913 2975 1054 3026 gradus
1073 2975 1167 3015 vitae
1191 2974 1235 3014 in
1260 2973 1427 3015 homine
1452 2973 1549 3022 sint,
1579 2983 1678 3027 quot
1698 2974 1807 3024 eceli,
1839 2973 1879 3014 ὅτ
1895 2971 1999 3027 quod
2022 2972 2247 3023 aperiantur
2266 2974 2354 3027 post

357 3039 545 3071 ·mortem
569 3030 786 3070 secundum
807 3030 889 3084 ejus
909 3032 1050 3079 vitam,
1083 3044 1108 3070 n
1127 3044 1137 3071 ε
1165 3043 1288 3087 3747.
1310 3043 1440 3086 9594.
1486 3029 1610 3082 Qod
1631 3029 1798 3072 Coelum
1815 3028 1864 3070 fit
1882 3028 1924 3068 in
1943 3028 2122 3077 homine,
2152 3043 2204 3070 n:
2226 3031 2352 3086 3884.

372 3086 498 3140 Qod
520 3087 704 3128 homines
730 3087 798 3141 qui
825 3088 971 3128 amoris
999 3088 1039 3128 &
1061 3087 1267 3129 charitatis
1286 3089 1411 3129 vitam
1431 3088 1588 3137 vivunt,
1622 3088 1664 3129 in
1690 3089 1735 3129 <se
1759 3086 1932 3127 habeant
1965 3086 2192 3138 sapientiam
2214 3089 2356 3143 Ange-

359 3144 505 3193 iicam,
552 3143 614 3184 sed
653 3155 751 3185 tunc
790 3145 1080 3194 absconditam,
1126 3145 1169 3186 ὅτ
1205 3146 1311 3199 quod
1353 3146 1396 3186 in
1435 3145 1544 3187 illam
1582 3145 1748 3186 veniant
1784 3140 1875 3196 post
1907 3154 2098 3194 mortem,
2143 3157 2170 3184 n
2189 3158 2200 3185 ε
2222 3158 2351 3202 2494.

361 3201 494 3255 <Qod
515 3201 640 3300 hogw
659 3203 704 3245 in
725 3201 864 3245 Verbo
885 3203 1041 3247 dicatur
1058 3201 1259 3259 Angelus,
1290 3203 1360 3259 qui
1382 3203 1535 3259 recipit
1552 3202 1712 3246 bonum
1735 3200 1881 3244 amoris
1911 3199 1952 3243 &
1981 3198 2077 3244 fidei
2095 3214 2131 3243 „a
2147 3199 2351 3254 Domino,

358 3271 427 3302 n:
458 3271 566 3313 1052
600 3288 611 3300 .
969 3302 974 3305 ,
