2546 3786
561 211 685 273 Dr,
746 205 1119 289 COELQ
1181 202 1936 289 efrINFERNO.
2150 206 2236 292 67

322 343 427 405 ²53·
444 355 447 361 ²
467 341 632 393 Homo
665 335 1086 398 natutaljpfssoedere
1116 333 1277 399 potest,
1311 335 1438 399 quod
1461 334 1581 385 nulla
1604 336 1643 383 ei
1665 335 1881 399 cogitatio
1903 335 2024 391 esset,
2061 336 2094 384 fi
2116 337 2230 386 ideae

247 409 486 472 temporis,
520 407 662 472 spatii,
697 408 747 463 ὃς
771 401 1074 464 ,materialium
1111 400 1405 459 auferrentur,
1441 402 1569 467 super
1591 401 1675 453 illis
1697 403 1819 453 enim
1843 400 2058 450 fundatur
2081 406 2230 451 omnis

250 477 468 539 cogitatio
504 489 611 538 quae
643 469 817 529 homini
854 470 1001 527 (mmm
1003 468 1057 527 ).·
1093 467 1169 516 sed
1209 468 1327 523 sciat,
1374 469 1501 534 quod
1540 469 1832 530 cogitationes
1870 480 2048 531 tanturn
2085 468 2227 519 finitae

250 542 335 590 fint
373 542 423 591 δε
459 539 750 599 coarctantur,
797 546 1020 596 quantum
1058 549 1115 582 ex
1148 534 1375 598 ternpore,
1410 533 1565 598 spatio,
1599 535 1648 582 ὅτ
1691 534 1903 582 materiali
1941 533 2140 590 trahunt,
2175 536 2227 582 &c

250 619 428 656 tantum
463 612 554 659 non
589 601 732 653 finitae
766 598 852 651 sint
873 600 923 647 &
945 600 1257 657 extendantur,
1292 612 1514 664 quantum
1548 615 1604 646 ex
1636 598 1723 646 illis
1754 615 1843 657 non
1880 600 2075 657 trahunt,
2111 616 2227 663 quo-

249 675 372 724 niam
411 682 584 726 tantum
625 681 751 714 mens
793 665 990 713 elevatur
1029 665 1156 729 supra
1192 681 1404 727 corporea
1425 665 1474 715 &
1501 665 1756 713 mundana:
1795 666 1986 729 Angelis
2020 664 2227 729 sapientia

250 739 356 792 inde
377 737 454 792 est,
479 735 536 783 ⁴&
561 732 658 781 talis
683 744 734 778 ut
757 731 931 779 dicatur
948 732 1420 798 incomprehensibilis,
1455 732 1560 796 quia
1598 746 1689 780 non
1725 730 1844 784 cadit
1880 734 1925 780 in
1963 732 2082 785 ideas
2121 747 2228 795 quae

251 819 372 857 mere
388 817 444 853 ex
466 799 625 848 talibus
646 797 904 854 confistunt.
1858 800 1862 801 ⁷

334 982 457 1058 De
487 972 1115 1087 Repraesentativis
1153 976 1236 1056 ὃς
1267 977 1338 1054 A
1346 922 1735 1084 pparentiis
1773 972 1847 1061 in
1891 979 2129 1057 Coelo.

248 1200 385 1250 ¹70·'
460 1223 463 1237 ‚
509 1181 693 1232 OMO
734 1181 817 1245 qui
853 1195 909 1228 ex
946 1178 1040 1228 solo
1077 1177 1264 1230 naturali
1305 1178 1481 1243 lumine·
1500 1177 1698 1242 cogitat,
1735 1196 1825 1229 non
1848 1179 2225 1243 comprehendere

542 1247 704 1312 potest,
738 1246 863 1310 quod
889 1245 1061 1309 aliquid
1093 1247 1140 1292 in
1165 1245 1303 1298 Coelo
1335 1245 1479 1292 fimile
1515 1245 1567 1292 sit
1599 1246 1725 1310 quod
1760 1246 2029 1301 inmundo,
2063 1247 2112 1294 &
2138 1247 2223 1294 hoc

244 1332 301 1363 ex
333 1314 474 1370 causa,
510 1315 614 1378 quia
654 1330 711 1361 ex
744 1313 826 1362 illo
863 1312 1035 1361 lumine
1073 1311 1348 1374 cogitaverat
1371 1313 1420 1359 ὅτ
1442 1309 1483 1357 se
1506 1311 1869 1368 confirmaverat,
1903 1313 2028 1375 quod
2054 1313 2223 1375 Angeli

244 1382 387 1429 modo
427 1381 608 1427 Mentes
647 1379 749 1435 sint,
785 1380 833 1427 &
873 1378 1000 1442 quod
1026 1379 1205 1425 Mentes
1244 1376 1330 1424 sint
1368 1376 1491 1440 quafi
1526 1378 1772 1426 Pneumata
1808 1377 2011 1435 aetherea,
2048 1379 2225 1426 &inde

240 1447 367 1510 quod
392 1446 476 1493 illis
500 1460 591 1493 non
615 1445 700 1495 fint
723 1443 864 1509 sensus
896 1445 976 1507 qui
1010 1443 1199 1499 homini,
1236 1443 1296 1498 ita
1326 1459 1410 1496 nec
1440 1442 1577 1499 oculi,
1613 1446 1661 1491 δε
1685 1443 1717 1490 fi
1740 1458 1830 1490 non
1853 1444 1974 1507 oculi
1995 1444 2120 1508 quod
2144 1460 2225 1492 nec

242 1511 446 1575 objecta3
483 1527 590 1558 cum
625 1523 774 1559 tamen
797 1509 990 1572 Angelis
1013 1508 1123 1556 ‘sunt
1155 1524 1313 1556 omnes
1345 1507 1488 1556 sensus
1518 1509 1597 1571 qui
1633 1510 1823 1566 homini,
1858 1512 1953 1557 imo
1977 1511 2125 1571 multo
2147 1512 2226 1557 ex-'

244 1579 524 1643 quisitiores3
558 1577 694 1623 etiam
731 1576 833 1632 Alme,
866 1591 922 1622 ex
959 1590 1048 1638 qua
1080 1574 1253 1628 vident,
1288 1573 1351 1620 est
1374 1573 1522 1620 multo
1544 1573 1752 1630 illustrior
1774 1575 1873 1622 luce
1895 1591 1952 1621 ex
1975 1591 2064 1638 qua
2087 1575 2229 1624 homo

245 1644 385 1691 videt.
456 1642 600 1703 Qod
639 1641 810 1705 Angeli
849 1641 936 1689 fint
974 1641 1178 1688 homines
1212 1640 1258 1685 in
1291 1638 1605 1702 perfectiffima
1643 1637 1804 1696 forma,
1854 1641 1905 1688 δε
1940 1642 2068 1688 omni
2107 1641 2228 1689 sensu

242 1710 481 1773 gaudeant.
518 1706 723 1755 videatur
746 1705 875 1771 supra
898 1724 927 1754 n
948 1725 959 1754 ε
990 1721 1047 1770 73
1074 1706 1131 1770 ad
1158 1719 1249 1770 77³
1284 1706 1334 1760 δε
1357 1705 1484 1769 quod
1508 1704 1620 1752 Lux
1644 1707 1691 1752 in
1714 1705 1852 1769 Coelo
1875 1706 1928 1754 fit
1954 1706 2103 1755 multo
2125 1707 2227 1755 illu-

242 1776 370 1823 strior
394 1775 492 1822 luce
515 1775 561 1821 in
586 1774 778 1831 mundo,
815 1790 844 1821 n
865 1791 876 1821 ε
908 1774 998 1822 126
1021 1772 1077 1821 ad
1108 1788 1213 1835 132.
2206 1783 2209 1786 ·

319 1857 425 1905 171.
473 1840 642 1902 Qalia
678 1839 751 1888 illa
785 1854 892 1902 quae
929 1850 1143 1902 appare-nt
1177 1837 1374 1900 Angelis
1419 1837 1465 1885 in
1502 1836 1664 1895 Coelis,
1712 1853 1804 1885 non
1845 1839 1999 1902 paucis
2042 1837 2229 1887 describi

245 1907 409 1971 potest,
444 1905 544 1953 sunt
581 1905 735 1969 quoad
775 1904 969 1952 multam
1005 1915 1179 1966 partem
1214 1901 1372 1950 similia
1402 1902 1488 1950 illis
1521 1919 1627 1966 quae
1652 1905 1710 1951 ‘in
1734 1903 1934 1965 Tellure,
1970 1904 2045 1952 sed
2077 1906 2230 1968 quoad

247 1973 445 2020 formam
469 1969 748 2035 perfectiora,
766 1970 816 2017 δε
839 1969 989 2032 quoad
1013 1968 1190 2032 copiam
1217 1967 1357 2031 plura.
1427 1968 1573 2028 Qod
1603 1971 1649 2015 in
1672 1969 1818 2016 Coelis
1850 1970 1953 2027 talia
1983 1969 2085 2026 fint,
2121 1986 2230 2018 con·

247 2039 356 2086 stare
372 2037 515 2101 potest
530 2051 586 2082 ex
602 2036 689 2082 illis
711 2051 818 2098 quae
837 2035 928 2081 visa
950 2034 1050 2085 sunt
1067 2033 1320 2096 Prophetis,
1357 2045 1408 2080 ut
1427 2049 1534 2096 quae
1552 2033 1779 2081 Ezechieli
1795 2034 1852 2082 de
1869 2034 2012 2082 Novo
2028 2036 2232 2099 Templo

247 2106 298 2152 &
323 2103 380 2150 de
403 2103 540 2150 Nova
561 2101 721 2157 Terra,
756 2115 863 2164 quae
901 2098 1211 2146 describuntur
1244 2114 1269 2146 a
1292 2099 1418 2161 Cap:
1443 2113 1505 2144 XL
1544 2098 1599 2145 ad
1624 2114 1822 2155 xtv1113
1859 2115 1964 2163 quae
1992 2101 2168 2147 Danieli
2205 2118 2231 2149 a

246 2172 344 2233 Cap
364 2186 375 2216 :
395 2184 471 2215 vn
497 2166 553 2215 ad
575 2182 654 2214 x11
679 2188 694 2223 ;
727 2181 834 2229 quae
850 2165 1046 2226 Johanni
1083 2181 1109 2212 a
1133 2164 1292 2228 Capite
1315 2164 1475 2211 Primo
1507 2163 1562 2211 ad
1587 2163 1826 2213 Ultimum
1851 2166 1897 2212 in
1923 2166 2227 2230 Apocalypfi;

246 2237 297 2284 &
320 2250 425 2299 quae
447 2233 558 2290 aliis,
593 2232 651 2279 de
681 2232 847 2295 quibus
884 2243 975 2278 tam
1017 2231 1063 2277 in
1095 2229 1337 2279 Historicis
1370 2229 1508 2293 quam
1549 2230 1594 2276 in
1627 2231 1905 2294 Propheticis
1928 2232 2095 2280 Verbi:
2132 2233 2231 2281 talia

249 2302 335 2349 illis
361 2299 450 2346 visa
480 2298 599 2355 sunt,
632 2313 741 2346 cum
763 2308 966 2360 apertum
992 2296 1077 2343 illis
1099 2309 1190 2344 erat
1213 2295 1421 2352 Coelum,
1457 2295 1506 2342 &
1525 2296 1712 2342 Coelum
1731 2298 1888 2360 aperiri
1904 2297 2084 2355 dicitur,
2121 2315 2228 2346 curn

249 2367 440 2414 interior·
466 2364 601 2419 visus,
634 2365 718 2427 qui
753 2363 818 2410 est
850 2361 970 2410 visus
1008 2361 1185 2425 spiritus
1222 2362 1438 2418 hominis,
1474 2363 1699 2424 aperitur:
1735 2379 1838 2409 nam
1874 2379 1980 2426 quae
2018 2365 2061 2410 in
2086 2365 2231 2412 Coelis

247 2433 366 2488 sunt,
403 2446 495 2477 non
519 2429 660 2476 videri
699 2429 880 2490 poffunt
914 2428 1056 2485 oculis
1090 2429 1289 2492 corporis
1313 2427 1528 2484 hominis,
1563 2426 1634 2475 sed
1659 2428 1800 2475 oculis
1823 2428 1999 2491 spiritus
2020 2428 2144 2491 ejus·,
2179 2433 2229 2478 &

246 2514 356 2547 cum
395 2496 648 2558 beneplacet
669 2494 876 2541 Domino
910 2495 1167 2556 aperiuntur
1182 2495 1277 2550 silli,
1313 2509 1420 2541 cum
1444 2491 1586 2543 homo
1607 2493 1841 2541 abducitur
1864 2510 1889 2540 a
1909 2494 2079 2542 lumine
2103 2509 2230 2543 natu-

247 2564 342 2620 rali,
379 2564 423 2609 in
447 2560 542 2624 quo
563 2560 625 2607 est
647 2576 707 2608 ex
732 2559 922 2606 sensibus
939 2561 1155 2622 corporis,
1187 2560 1235 2608 ὅτ
1258 2558 1456 2606 elevatur
1490 2559 1534 2605 in
1568 2556 1718 2606 lucem
1750 2559 2036 2623 spiritualem,
2072 2564 2118 2608 in
2139 2579 2230 2626 qua

247 2630 314 2679 est
335 2644 390 2676 ex
412 2628 566 2691 spiritu
588 2625 680 2673 suo.
748 2626 801 2688 In
832 2624 907 2672 illa
940 2625 1037 2672 luce
1073 2625 1183 2673 mihi
1209 2623 1296 2672 visa
1317 2623 1432 2680 sunt,
1467 2640 1574 2686 quae
1604 2626 1648 2672 in
1674 2626 1831 2677 Coelis.

323 2710 430 2758 172.
482 2693 586 2740 Sed·
610 2692 685 2738 illa
721 2706 827 2754 quae
871 2692 917 2737 in
953 2691 1097 2738 Coelis
1133 2703 1361 2754 apparent,
1419 2690 1592 2736 tametfi
1629 2691 1778 2753 quoad
1822 2691 2011 2738 multam
2052 2706 2227 2754 partem

251 2760 408 2809 similia
424 2758 524 2806 sunt
542 2758 626 2804 illis
641 2772 747 2820 quae
764 2758 810 2803 in
828 2757 970 2812 terris,
1007 2756 1145 2819 usque
1168 2773 1260 2807 non
1285 2755 1442 2803 similia
1466 2754 1564 2801 sunt
1585 2757 1735 2818 quoad
1749 2756 2000 2814 essentiam,
2035 2759 2230 2807 existunt

254 2827 375 2874 enim
401 2825 473 2872 illa
494 2839 599 2887 quae
623 2824 668 2868 in
690 2821 833 2869 Coelis
855 2837 910 2867 ex
934 2822 1035 2868 Sole
1059 2822 1183 2876 coeli,
1218 2822 1267 2868 ὅτ
1296 2836 1408 2883 μςυπ
1447 2820 1492 2866 in
1532 2821 1655 2867 terris
1690 2836 1748 2868 ex
1774 2822 1874 2868 Sole
1899 2824 2090 2879 mundi3
2125 2841 2230 2888 quae

251 2906 309 2937 ex
321 2891 424 2938 ,Sole
446 2892 558 2937 coeli
573 2888 783 2944 existunt,
800 2888 1011 2934 dicuntur
1029 2887 1299 2950 Spiritualia,
1318 2902 1423 2949 quae
1447 2898 1597 2932 autem
1620 2902 1675 2932 ex
1690 2887 1790 2934 Sole
1816 2888 1991 2944 mundi,
2018 2889 2230 2938 dicuntur

252 2955 496 3003 Naturalia.
1217 2988 1220 2991 -
1252 2952 1255 2955 ’

329 3020 548 3085 173.1111a
577 3036 683 3084 quae
716 3021 763 3066 in
786 3018 929 3066 Coelis
954 3017 1164 3076 existunt,
1201 3035 1291 3067 non
1325 3017 1519 3065 existunt
1553 3017 1753 3067 similiter
1788 3018 1899 3067 sicut
1938 3019 2010 3067 illa
2046 3036 2150 3083 quae
2184 3023 2229 3067 in

1374 3084 1395 3130 I
1420 3098 1446 3129 2
2072 3090 2192 3132 terriz
2213 3109 2227 3140 3

320 3223 476 3278 (mmm)
507 3219 630 3276 Qod
651 3223 775 3266 homo
795 3224 939 3279 absque
958 3225 1043 3268 idea
1063 3224 1253 3278 temporis
1273 3237 1356 3267 non
1378 3224 1546 3279 cogitet,
1577 3224 1685 3267 secus
1705 3239 1829 3280 quam
1842 3226 2009 3280 Angeli,
2034 3239 2058 3265 n
2078 3239 2087 3264 :
2112 3237 2242 3279 3404.
