2546 3786
670 256 791 319 Da
847 218 1368 319 cozzo-221·
1427 250 2017 322 1NFERN0.
2205 282 2336 347 ης

953 392 995 420 „A
1059 411 1066 417 ,

784 468 790 470 >
837 453 958 483 -rrssw

413 554 421 559 -
519 499 644 589 De
681 495 1017 624 aptando
1054 496 1266 580 Statu
1304 497 1617 577 hom1n1s
1652 497 1818 608 post
1858 520 2187 583 mortem.

635 633 701 690 ‘lsi

337 731 454 782 499.
512 733 515 736 ·
559 703 778 764 Efeundus
821 713 970 762 Status
1009 713 1206 762 hominis
1242 714 1343 778 post
1366 726 1580 771 ,mortem
1622 729 1811 765 vocatur
1846 718 1998 765 Status
2036 716 2327 773 Interiorum,

416 838 419 840 .
475 718 557 843 S
590 781 695 842 quia
718 792 826 827 tunc
850 781 1115 828 immittitur
1146 782 1191 827 in
1216 781 1432 829 Interiora
1454 797 1561 846 quae
1586 783 1760 830 Mentis
1783 781 1878 845 ejus
1901 783 2018 839 sunt,
2056 783 2128 831 seu
2142 783 2189 829 V
2193 783 2325 830 olun-

339 848 521 906 tatis&
546 846 864 910 Cogitationis,
900 862 950 893 ac
974 845 1208 909 sopiuntur
1231 847 1478 903 Exteriora‚
1514 850 1559 894 in
1591 849 1755 910 quibus
1789 849 1932 897 fuerat
1969 851 2015 896 in
2050 851 2210 902 Primo
2247 850 2327 895 suo

337 914 477 960 Statu.
548 912 755 976 Quisque
791 913 870 975 qui
909 913 1100 959 advertit
1138 912 1195 959 ad
1218 913 1360 959 vitam
1397 912 1593 959 hominis
1624 917 1671 962 ὅτ
1707 913 1801 976 ejus
1825 916 2022 979 loquelas
2043 917 2092 963 &
2113 916 2324 969 actiones,

331 977 601 1040 cognoscere
626 977 785 1043 potest,
818 978 946 1040 quod
987 978 1107 1040 apud
1147 980 1502 1041 unumquemvis
1540 978 1626 1024 fint
1659 981 1873 1027 exteriora
1905 982 1954 1029 &
1990 983 2218 1042 interiora,
2249 978 2321 1026 seu

330 1045 568 1103 exteriores
606 1046 653 1093 ὅτ
692 1045 918 1091 interiores
959 1045 1252 1106 cogitationes
1293 1047 1342 1091 &
1381 1044 1666 1100 intentiones,
1702 1045 1750 1091 id
1783 1046 2049 1108 cognoscere
2089 1045 2233 1110 potest
2265 1059 2324 1091 ex

280 1138 287 1142 .
330 1109 397 1156 his
418 1132 431 1165 ·,
468 1111 547 1173 qui
571 1112 615 1157 in
640 1110 763 1169 civili
788 1111 880 1159 vita
901 1110 980 1166 est,
1018 1112 1053 1157 is
1077 1111 1249 1174 cogitat
1271 1110 1327 1158 de
1352 1110 1445 1157 aliis
1480 1110 1594 1157 ficut-
1618 1110 1765 1157 vel-ex
1788 1109 1908 1157 fama
1931 1113 2003 1157 vel
2039 1127 2095 1159 ex
2130 1126 2321 1159 conver-

328 1175 492 1223 satione
517 1177 572 1224 de
594 1176 680 1236 illis
703 1177 950 1234 audivit&
972 1178 1248 1240 appercepit,
1282 1175 1354 1223 sed
1379 1175 1518 1241 usque
1539 1192 1629 1223 non
1654 1176 1856 1240 loquitur
1879 1176 2124 1224 secundum
2147 1179 2319 1240 cogita·

327 1244 498 1289 tionem
523 1241 644 1290 suam
669 1240 905 1299 cumillis,
941 1244 990 1290 δε
1017 1243 1186 1290 tametsi
1212 1242 1319 1289 mali
1346 1242 1461 1300 sunt,
1497 1242 1636 1305 usque
1673 1255 1824 1290 tamen
1862 1243 2053 1290 civiliter
2088 1258 2197 1290 curn
2235 1242 2322 1289 illis

324 1311 448 1371 agit:
483 1309 608 1372 quod
633 1311 692 1357 ita
715 1310 783 1366 fit,
820 1311 1038 1373 apprimis
1063 1321 1223 1357 notum
1246 1308 1309 1367 est
1341 1325 1399 1356 ex
1433 1309 1762 1356 simulatoribus
1784 1311 1834 1358 ὅτ
1858 1302 2205 1364 αίῖὲηῑέεοτ-ἰὺυε,
2242 1308 2320 1371 qui

324 1375 501 1438 prorsus
524 1375 650 1423 aliter
673 1377 923 1440 loquuntur-
943 1377 992 1423 &
1017 1389 1177 1438 agunt,
1212 1391 1350 1438 quam
1374 1377 1578 1438 cogitant
1600 1376 1649 1422 ἃ
1675 1378 1862 1423 volunt:
1899 1377 1947 1423 δε
1972 1391 2028 1423 ex
2052 1375 2326 1438 hypocritis,

321 1443 403 1504 qui
428 1442 677 1506 loquuntur
699 1442 757 1489 de
780 1443 898 1498 Deo,
935 1442 991 1488 de
1015 1443 1168 1495 Coelo,
1204 1443 1263 1489 de
1296 1441 1430 1507 salute
1461 1443 1730 1498 animarum,
1768 1443 1824 1489 de
1849 1443 1964 1488 veris
1989 1441 2220 1495 Ecclefiae,
2257 1441 2315 1486 de

322 1507 452 1555 bonis
480 1507 654 1564 Patriae,
691 1509 741 1556 ὅτ
772 1508 828 1555 de
853 1509 1087 1566 Proximo,
1124 1508 1235 1555 ficut
1258 1523 1313 1555 ex
1338 1508 1428 1556 fide
1452 1509 1499 1556 δὲ
1523 1523 1692 1564 amore,
1728 1523 1835 1554 cum
1862 1518 2010 1555 tamen
2033 1508 2169 1554 corde
2192 1506 2314 1553 aliud

321 1571 529 1631 credunt,
563 1591 612 1621 ac
637 1574 678 1622 se
701 1574 816 1622 solos
840 1586 1004 1621 amant.
1077 1575 1152 1622 Ex
1183 1575 1250 1621 his
1279 1573 1476 1621 constare
1504 1573 1667 1636 potest,
1701 1574 1829 1636 quod
1861 1574 1980 1620 binae
2005 1574 2315 1636 Cogitationes

319 1639 421 1698 fint,
459 1656 547 1686 una
579 1641 772 1695 exteri0r
802 1640 852 1699 βε
886 1640 1019 1686 altera
1049 1641 1248 1698 interior,
1286 1641 1333 1686 &
1356 1639 1486 1701 quod
1508 1654 1565 1685 ex
1587 1640 1862 1702 cogitatione
1885 1639 2102 1686 exteriore
2124 1640 2318 1701 loquan-

319 1718 424 1762 tur,
446 1706 492 1752 δε
518 1720 576 1752 ex
600 1705 873 1769 cogitatione
896 1705 1103 1752 interiore
1133 1705 1256 1752 aliud
1279 1704 1479 1762 sentiant,
1516 1720 1566 1752 ac
1589 1705 1714 1768 quod
1742 1706 1859 1765 binae
1893 1705 1985 1751 illae
2018 1706 2313 1767 cogitationes

318 1770 526 1835 separatae
548 1771 653 1827 fint,
686 1786 792 1818 nam
832 1784 1015 1819 cavetur
1055 1786 1110 1830 ne
1147 1771 1331 1819 inter-ior
1363 1771 1518 1821 influat
1541 1772 1585 1818 in
1607 1771 1892 1828 exteriore-m,
1929 1772 1978 1818 δε
1999 1771 2150 1835 aliquo
2171 1771 2335 1817 modo‘

317 1850 538 1901 appareat.
612 1837 779 1885 Horno
799 1853 854 1884 ex
876 1838 1097 1885 creatione
1119 1837 1218 1884 talis
1239 1836 1318 1893 est,
1355 1848 1407 1883 ut
1430 1837 1613 1884 interior
1634 1838 1854 1900 cogitatio
1887 1852 2032 1884 unum
2065 1848 2170 1899 agat
2202 1852 2310 1883 cum

317 1904 535 1951 exteriore
559 1918 639 1966 per
671 1901 1106 1968 correspondentiam
1128 1924 1142 1959 3
1180 1906 1229 1951 &
1251 1918 1436 1967 quoque
1459 1918 1603 1949 unum
1628 1905 1722 1966 agit
1745 1902 1867 1966 apud
1891 1902 1992 1949 illos
2012 1903 2093 1965 qui
2117 1906 2163 1949 in
2184 1903 2310 1950 bono

316 1970 436 2026 sunt,
473 1986 578 2017 nam
618 1969 683 2027 illi
724 1986 815 2018 non
849 1970 926 2017 nisi
961 1985 1097 2033 quam
1122 1969 1294 2016 bonum
1319 1969 1520 2032 cogitant
1543 1969 1593 2016 δε
1617 1969 2100 2032 bonum³loquuntur3
2135 1979 2179 2015 at
2204 1982 2311 2015 vero

317 2036 439 2098 apud
466 2036 564 2083 illos
586 2037 666 2099 qui
691 2036 736 2083 in
761 2035 882 2093 rnalo
905 2035 1023 2092 sunt,
1059 2036 1244 2083 interior
1274 2036 1490 2098 cogitatio
1523 2051 1615 2083 non
1649 2051 1794 2082 unum
1827 2037 1920 2098 agit
1942 2035 2309 2092 cum'exteriore,

315 2116 422 2148 nam
462 2101 508 2148 hi
547 2102 723 2149 malurn
763 2102 966 2165 cogitant
1003 2103 1050 2149 δι
1090 2101 1340 2164 loquuntur
1376 2101 1736 2164 bonuau-apud
1761 2101 1842 2148 hos
1866 2101 2065 2148 inversus
2086 2101 2148 2148 est
2171 2101 2320 2166 ord0‚3

314 2183 419 2215 nam
446 2167 619 2215 bonum
643 2168 764 2232 apud
788 2184 863 2216 eos
885 2166 950 2215 est
970 2179 1109 2224 extra,
1144 2183 1193 2215 ac
1218 2167 1388 2217 malum
1404 2169 1558 2223 -intra;
1595 2168 1700 2216 inde
1720 2167 1784 2215 est
1806 2167 1933 2231 quod
1961 2167 2130 2214 malum
2154 2166 2306 2213 domi·

314 2246 445 2290 netur
468 2234 597 2297 super
617 2234 810 2291 bonum,
844 2235 894 2282 ὅτ
933 2234 1018 2282 hoc
1056 2233 1135 2281 fibi
1173 2232 1372 2298 subjiciat
1411 2234 1523 2281 ficut
1563 2233 1759 2291 servum,
1795 2246 1847 2281 ut
1870 2228 2075 2281 inserviat
2111 2232 2193 2285 fibi
2220 2247 2307 2296 pro

312 2300 467 2348 medio
505 2299 562 2349 ad
597 2300 868 2348 obtinendos
890 2300 1018 2357 fines,
1053 2301 1133 2364 qui
1169 2297 1269 2350 sunt
1302 2301 1465 2347 amoris
1498 2300 1714 2356 illorum;
1750 2301 1800 2349 &
1823 2301 1929 2364 quia
1951 2299 2046 2346 talis
2070 2298 2172 2360 finis
2196 2298 2305 2345 inest

310 2365 434 2414 bono
455 2365 579 2430 quod
605 2366 852 2430 loquuntur
873 2367 923 2415 ὅτ
948 2368 1073 2430 quod
1097 2380 1256 2430 agunt,
1291 2379 1430 2430 patet,
1463 2368 1590 2430 quod
1627 2366 1800 2414 bonum
1836 2366 1958 2431 apud
1993 2365 2092 2412 illos
2126 2380 2217 2412 non
2238 2365 2314 2425 fit·

308 2431 502 2490 bonum,
538 2432 609 2481 sed
634 2431 851 2481 infeEturn
879 2433 1014 2490 malo,
1049 2443 1280 2498 utcunque
1310 2433 1355 2479 in
1388 2443 1567 2480 externa
1599 2431 1744 2481 forma
1777 2434 1898 2496 apud
1934 2432 2049 2487 illos,
2078 2432 2176 2494 nqui
2209 2446 2302 2478 non

309 2498 453 2546 sciunt
477 2499 699 2564 interiora,
736 2511 919 2564 apparet
941 2512 995 2547 ut
1020 2500 1190 2546 bonum
1211 2518 1224 2547 ε
1260 2500 1389 2546 aliter·
1406 2500 1527 2562 apud
1553 2500 1668 2557 illos,
1703 2501 1783 2563 qui
1809 2501 1853 2546 in
1880 2499 2003 2545 bono
2027 2497 2148 2554 sunt,
2179 2498 2302 2561 apud

306 2564 388 2612 hos
413 2582 504 2613 non
528 2565 724 2614 inversus
747 2566 810 2613 est
833 2566 964 2623 ondo,
1000 2566 1074 2614 sed
1107 2565 1281 2612 bonum
1311 2569 1374 2613 'ek
1407 2566 1614 2613 interiore
1641 2567 1917 2628 cogitatione
1939 2565 2087 2614 influit
2109 2566 2154 2610 in
2178 2573 2302 2611 exte·

307 2633 490 2689 riorem,
525 2633 574 2680 &
598 2631 656 2680 fic
682 2634 727 2680 in
751 2632 977 2697 loquelam
1001 2635 1050 2683 &
1072 2633 1118 2679 in
1143 2633 1296 2688 aetum
1335 2631 1409 2679 hic
1447 2631 1562 2681 ordo
1599 2632 1662 2680 est
1702 2634 1747 2679 in
1780 2647 1919 2696 quem
1953 2631 2094 2678 horno
2127 2642 2301 2681 creatus

308 2697 369 2745 est
390 2720 403 2754 3
441 2699 499 2746 fic
521 2698 642 2746 enirn
667 2699 877 2747 interiora
895 2714 1054 2747 eorum
1078 2699 1124 2746 in
1149 2693 1286 2746 Coelo
1308 2697 1423 2756 sunt,
1458 2699 1596 2762 inque
1620 2698 1719 2746 luce
1743 2697 1822 2755 ibi,
1857 2699 1907 2758 δε
1929 2698 2038 2773 quia*
2059 2697 2167 2743 Lux
2189 2695 2297 2743 coeli

285 2763 376 2809 ·est‘
391 2765 616 2812 Divinum
642 2765 818 2812 Verum
858 2765 1105 2829 procedens
1144 2781 1169 2812 a
1205 2765 1428 2820 Domino,
1465 2764 1653 2827 proinde
1692 2763 1756 2811 est
1788 2765 2019 2811 Dominus
2057 2763 2104 2808 in*
2140 2762 2294 2816 Coelo,

310 2844 371 2875 n:
402 2833 490 2887 126
515 2831 571 2878 ad
601 2849 709 2891 140,
745 2831 848 2878 ideo
887 2831 952 2878 illi
989 2831 1218 2878 ducuntur
1251 2848 1281 2877 a·
1303 2831 1518 2878 Domino,
1586 2831 1710 2878 Haec
1750 2830 1870 2877 dieta
1909 2828 2025 2884 sunt,
2061 2841 2112 2876 ut
2136 2826 2296 2875 sciatur

306 2894 614 2956 q'uod'cuivis
653 2897 828 2944 homini
868 2897 920 2944 fit
956 2898 1174 2959 cogitatio
1208 2897 1388 2954 interior
1421 2897 1470 2944 ὅτ
1501 2898 1717 2960 cogitatio
1740 2897 1945 2952 exterior,
1981 2896 2033 2942 ὅτ
2053 2894 2180 2958 quod
2204 2895 2294 2941 illae

307 2961 421 3007 inter
460 2959 758 3015 se·‘distin6tae
796 2963 895 3010 lint.
965 2965 1086 3010 Cum
1127 2963 1293 3010 dicitur
1332 2963 1565 3026 cogitatio,
1601 2963 1865 3026 intelligitur
1905 2962 2038 3008 etiam
2067 2959 2292 3016 voluntas,

307 3043 411 3073 nam
436 3027 649 3089 cogitatio
669 3029 732 3078 est
755 3046 810 3076 ex
833 3029 1081 3085 voluntate,
1116 3045 1254 3076 nemo
1286 3031 1408 3077 enirn
1447 3029 1590 3093 potest
1630 3031 1827 3092 cogitare
1861 3027 2022 3090 absque
2044 3026 2288 3075 voluntate.

306 3090 381 3139 Ex
405 3093 471 3139 his
494 3104 631 3155 patet,
665 3097 774 3158 quid
802 3097 949 3143 Status
973 3095 1262 3143 Exteriorum
1285 3097 1333 3143 &
1358 3096 1507 3143 Status
1530 3096 1798 3143 Interiorum
1826 3095 2040 3141 hominis.

375 3174 486 3220 500.
542 3158 665 3206 Cum
694 3161 874 3217 'dicitur
915 3161 1134 3209 Voluntas
1173 3162 1222 3208 &
1262 3162 1510 3223 Cogitatio,
1558 3170 1667 3208 tunc
1707 3177 1787 3225 per
1821 3160 2118 3207 Voluntatem
2157 3158 2290 3205 etiam

306 3225 574 3288 intelligitur
598 3225 864 3278 Affefflo&
890 3231 1057 3285 Amor,
1092 3240 1191 3275 turn
1234 3229 1383 3340 onliinis
1415 3224 1679 3289 jucunditas
1712 3229 1763 3276 &
1802 3227 2013 3290 voluptas
2051 3222 2303 3336 qtil'ael'stm't

1349 3308 1373 3339 e
1396 3309 1422 3341 2
2050 3307 2073 3336 a
2113 3304 2159 3336 CC
2184 3306 2295 3336 {oms
