2546 3786
583 244 702 312 Dr.
760 231 1121 326 ΩΦΕ-ΕΦ
1179 260 1278 316 ιτ
1336 236 1908 326 ΙΝΕΕΚΝΦ·
2148 265 2231 343 ⁵7

241 380 421 421 matum
455 369 510 418 fit
540 368 598 418 ad
620 368 829 434 obsequia
849 366 956 426 boni
979 367 1028 415 &
1054 366 1170 422 veri,
1205 367 1525 433 consequenter
1546 384 1604 417 ex
1626 369 1749 419 bono
1766 370 1818 419 δε
1842 384 1963 422 vero.
2034 370 2122 419 Per
2147 383 2228 431 po-

236 440 419 486 tentiam
447 436 599 486 caloris
626 437 682 487 ξεῖ
701 435 854 488 hacke
874 432 966 496 file
995 434 1042 480 in
1062 432 1247 489 mund03
1289 435 1446 483 omnia
1463 450 1568 498 quae
1591 436 1638 486 in
1663 436 1841 485 mundo
1862 435 2081 494 crescunt,
2116 436 2228 485 ficut

237 503 434 560 arbores,
481 502 664 566 segetes,
704 500 855 555 flora,
900 500 1122 562 gramina,
1160 497 1333 548 frui-ltus
1371 500 1420 548 &
1458 499 1639 559 semina,
1673 517 1766 551 non
1797 502 1977 552 aliunde
2011 501 2224 558 existunt,

233 586 377 634 quam
399 586 480 634 per
501 568 693 623 calorem
718 565 769 613 ὅτ
792 564 943 612 lucem
968 564 1101 621 solis;
1143 565 1248 613 inde
1276 565 1420 630 qualis
1441 569 1643 630 potentia
1673 567 1954 631 producendi
1986 567 2097 616 inest
2120 568 2223 625 illis,

234 630 1080 760 Ξιῗῑεὲίνέἓὲῧὲἓέῗιῖζὼῗὲζὲἒὲξ
1083 631 1208 761 {ui}
1222 631 1806 747 ἓέἑῗζωεὲᾗᾞωέἒξέ
1811 634 2049 748 ῐέἇὲἶίεῗέ
2051 635 2222 749 2321153?

230 775 444 829 ¹namper
463 761 638 810 coelum
661 761 807 810 existit
833 762 1048 818 mundus,
1089 775 1143 810 ut
1174 765 1220 811 in
1256 764 1614 826 praecedentibus
1648 762 1870 813 ostensum
1894 765 1972 814 est.
2042 765 2120 814 Ex
2155 765 2223 819 his

228 830 431 881 constare
455 827 634 892 potest,
655 827 895 891 quomodo
925 828 1276 890 intelligendum
1313 827 1392 884 efl,
1433 829 1560 892 quod
1583 845 1662 891 per
1684 829 1891 879 Verbum
1929 832 2085 891 omnia
2106 828 2222 891 fasta

231 896 334 948 fint,
373 896 423 944 ὅτ
445 894 573 959 quod
603 893 763 957 absque
798 893 879 940 illo
910 891 1082 942 fac’tum
1116 892 1171 939 fit
1206 891 1317 941 nihil
1353 894 1479 956 quod
1513 892 1683 941 fafium
1722 893 1802 950 est,
1837 896 1886 943 δε
1924 897 2052 958 quod
2084 898 2220 945 etiam

230 960 433 1010 mundus
471 976 551 1024 per
587 959 742 1024 Ipsum
779 957 921 1006 fafitus
961 959 1031 1016 fit,
1079 958 1208 1022 quod
1255 975 1421 1021 nempe
1465 975 1544 1023 per
1580 959 1810 1025 Divinum
1843 959 2019 1007 Verum
2059 978 2086 1008 a
2122 956 2221 1014 Di>-

229 1028 358 1075 mino
370 1027 497 1085 (uu).
564 1026 675 1074 Inde
707 1041 890 1089 quoque
912 1024 995 1082 est,
1033 1026 1160 1088 quod
1194 1025 1240 1071 in
1265 1024 1411 1073 Libro
1448 1026 1681 1073 creationis
1701 1027 1916 1089 ,primum
1956 1026 2129 1075 dicatur
2166 1031 2223 1077 de

229 1092 380 1149 Luce,
417 1095 465 1142 &
505 1094 551 1140 in
587 1091 871 1155 sequentibus
895 1092 951 1138 de
991 1091 1078 1139 illis
1113 1107 1219 1155 quae
1252 1108 1275 1138 a
1299 1091 1444 1148 Luce,
1481 1090 1654 1139 Genes:
1678 1091 1699 1138 I
1720 1110 1731 1140 :
1753 1110 1798 1156 3.
1824 1108 1871 1151 4.
1940 1090 2004 1139 Et
2038 1108 2223 1156 quoque

229 1158 335 1205 inde
358 1159 436 1215 est,
474 1159 599 1222 quod
622 1158 776 1206 omnia
799 1158 844 1204 in
869 1155 1074 1204 universo
1097 1169 1188 1204 tam
1213 1158 1335 1205 coelo
1357 1173 1494 1220 quam
1531 1157 1707 1204 mundo
1745 1158 1787 1205 se
1821 1155 2012 1223 referant
2051 1159 2107 1206 ad
2131 1156 2220 1208 Bo-

229 1240 342 1272 num
367 1225 418 1272 ὅῑ
440 1226 633 1280 Verum,
667 1224 718 1271 &
741 1223 795 1270 ad
821 1222 1186 1286 conjunctionem
1212 1223 1414 1278 illorum,
1438 1236 1489 1269 ut
1513 1223 1597 1270 sint
1621 1223 1787 1287 aliquid
1810 1223 1898 1282 (k).
2186 1267 2189 1270 Δ

305 1307 409 1353 139·
445 1290 691 1337 Sciendum
726 1289 806 1346 est,
846 1289 969 1352 quod
997 1290 1222 1336 Divinum
1260 1291 1443 1336 Bonum
1478 1289 1527 1336 &
1566 1290 1790 1337 Divinum
1816 1288 2007 1346 Verum,
2055 1303 2162 1354 quae
2196 1307 2221 1338 a

230 1357 438 1403 Domino
462 1369 513 1403 ut
540 1357 641 1403 Sole
666 1356 710 1402 in
731 1354 862 1401 coelis
886 1354 1003 1410 sunt,
1045 1371 1135 1402 non
1162 1355 1245 1402 lint
1277 1356 1321 1402 in
1346 1356 1570 1412 Domino,
1611 1354 1683 1402 sed
1715 1372 1742 1402 a
1764 1356 2005 1417 Domino;
2051 1356 2096 1402 in
2121 1358 2219 1407 Do-

229 1423 358 1470 mino
390 1421 453 1469 est
493 1421 636 1469 solum
660 1420 859 1468 Divinus
888 1426 1050 1477 Amor,
1091 1422 1170 1484 qui
1210 1420 1273 1467 est
1295 1420 1398 1469 Effe
1435 1437 1491 1467 ex
1512 1436 1607 1484 quo
1629 1420 1842 1468 Existunt
1864 1421 1971 1476 illa3
2020 1414 2221 1486 Eiristere

226 1503 286 1536 ex
308 1488 410 1536 Effe
447 1487 710 1550 intelligitur
747 1501 827 1549 per
849 1487 1110 1534 Procedere.
1183 1488 1296 1534 Hoc
1334 1502 1516 1549 quoque
1554 1485 1758 1533 illustrari
1796 1486 1942 1550 potest
1980 1503 2060 1550 per
2088 1503 2220 1536 corn-

231 1555 505 1616 parationem
529 1568 636 1600 eum
661 1552 764 1598 Sole
789 1552 985 1608 mundi3
1021 1552 1141 1600 calor
1162 1553 1211 1600 &
1239 1553 1332 1609 lux,
1356 1567 1462 1615 quae
1494 1553 1541 1598 in
1568 1552 1760 1608 mundo,
1800 1568 1891 1598 non
1929 1553 2029 1600 sunt
2061 1555 2108 1601 in
2130 1552 2221 1604 sole

230 1617 304 1667 sed
329 1634 354 1665 a
378 1618 481 1674 sole,
523 1618 570 1665 in
594 1617 682 1664 sole
718 1616 780 1664 est
811 1616 956 1665 solum
980 1619 1114 1681 igniS,
1138 1618 1187 1665 &
1212 1633 1269 1665 ex
1290 1634 1347 1666 eo
1366 1616 1562 1664 existunt
1583 1619 1631 1664 δε
1655 1615 1908 1682 procedunt
1931 1617 2015 1664 illa.

304 1700 411 1743 140.
448 1684 573 1743 Quia
610 1684 837 1731 Dominus
870 1695 922 1731 ut
963 1684 1042 1731 Sol
1082 1683 1147 1731 est
1184 1684 1384 1731 Divinus
1422 1685 1591 1739 Amor,
1637 1684 1687 1731 &
1728 1683 1925 1746 Divinus
1964 1685 2118 1732 Amor
2155 1684 2221 1733 est

229 1748 386 1814 Ipsum
425 1751 651 1799 Divinum
694 1750 896 1807 Bonum,
940 1749 1045 1798 ideo
1079 1743 1303 1797 Divinum
1338 1749 1465 1814 quod
1501 1749 1706 1812 procedit
1728 1748 1803 1797 ‘ab
1837 1748 1955 1813 Ipso,
1994 1750 2120 1812 quod
2155 1750 2220 1813 est

230 1817 458 1864 Divinum
483 1815 625 1880 Ipsius
649 1816 694 1863 in
719 1815 875 1872 Coelo,
899 1815 1194 1863 distinctionis
1214 1815 1343 1863 causa
1365 1826 1553 1862 vocatur
1574 1815 1801 1864 Divinum
1826 1816 2018 1871 Verum,
2043 1816 2218 1871 tametsi

226 1880 293 1928 est
315 1880 540 1930 Divinum
565 1883 747 1930 Bonum
783 1883 965 1928 unitum
1001 1882 1176 1948 Divino
1193 1881 1331 1931 Vero.
1397 1881 1628 1932 Divinum
1668 1880 1756 1930 hoc
1777 1880 1955 1931 Verum
1991 1879 2056 1930 est
2090 1880 2218 1947 quod

231 1958 420 1995 vocatur
443 1945 660 1995 Sanctum
689 1946 940 2010 procedens
971 1945 1029 1994 ab
1050 1944 1169 2008 Ipse.

570 2124 696 2203 De
741 2127 1098 2238 .Q1atuor
1148 2121 1388 2233 Plagis
1437 2121 1513 2201 in
1573 2122 1844 2203 Coelo·-

235 2354 342 2399 14¹·
370 2386 374 2389 Α
430 2335 481 2387 N
518 2333 656 2385 Coelo
679 2332 790 2382 ficut
825 2332 871 2380 in
895 2332 1083 2382 Mundo
1107 2331 1209 2381 sunt
1230 2344 1426 2398 quatuor
1447 2333 1620 2398 Plagae,
1646 2334 1826 2389 Oriens,
1859 2333 2095 2392 Meridies,
2118 2334 2214 2386 Ocss

459 2401 630 2457 cidens,
662 2401 712 2447 ὅτ
737 2400 1007 2462 Septentrio,
1048 2401 1261 2463 utrinque
1288 2396 1599 2448 determinatae
1637 2417 1663 2448 a
1686 2399 1764 2466 suo
1787 2398 1909 2457 Sole,
1947 2402 1993 2448 in
2016 2399 2152 2451 Coelo
2183 2419 2211 2466 a

231 2468 338 2518 Sole
360 2467 466 2516 coeli
489 2467 568 2534 qui
602 2465 664 2514 est
685 2466 932 2522 Dominus,
971 2466 1018 2512 in
1044 2466 1231 2512 Mundo
1269 2482 1293 2513 a
1331 2464 1420 2513 sole
1460 2467 1657 2522 mundi;
1700 2465 1774 2513 sed
1810 2465 1947 2529 usque
1982 2468 2217 2516 intercedit

233 2534 377 2583 multa
395 2532 675 2588 differentia;
723 2533 903 2578 Pium
942 2530 1022 2587 est,
1063 2531 1188 2595 quod
1225 2532 1272 2580 in
1308 2532 1485 2582 mundo
1506 2532 1681 2580 dicatur
1701 2531 1919 2582 Meridies
1952 2533 2036 2583 ‚ubi
2070 2533 2132 2583 sol
2164 2534 2214 2586 in

233 2601 432 2661 maxima
455 2598 528 2647 sua
549 2598 781 2650 altitudine
800 2596 932 2661 supra
955 2611 1116 2645 terram
1140 2596 1220 2655 est,
1259 2598 1514 2661 Septentrio
1552 2598 1630 2646 ubi
1664 2598 1712 2645 in
1734 2598 1943 2661 opposito
1980 2598 2093 2656 infra
2127 2611 2215 2646 ter-

233 2681 330 2715 ram
366 2665 446 2724 est,
485 2665 649 2713 Oriens
687 2663 766 2711 ubi
800 2664 845 2710 in
885 2663 1164 2727 aequinoctiis
1204 2666 1362 2721 oritur,
1402 2665 1453 2712 δε
1492 2664 1719 2712 Occidens
1751 2664 1830 2711 ubi
1864 2676 1970 2711 tunc
2008 2663 2176 2712 occidit
2195 2686 2212 2721 ς

232 2731 294 2779 ita
315 2733 362 2781 in
384 2731 559 2779 mundo
580 2746 605 2778 a
628 2729 821 2777 Meridie
842 2728 1193 2776 determinantur
1214 2744 1373 2777 omnes
1395 2729 1543 2792 plagae
1564 2746 1575 2775 ε
1618 2732 1664 2776 in
1688 2729 1826 2776 Coelo
1859 2742 2011 2777 autem
2044 2731 2209 2777 Oriens

230 2797 401 2847 dicitur
422 2797 499 2844 ubi
522 2796 751 2844 Dominus
774 2806 826 2841 ut
848 2794 926 2841 Sol
958 2806 1157 2856 apparet,
1197 2810 1253 2842 ex
1288 2793 1593 2858 opposito-est
1615 2794 1858 2850 Occidens,
1900 2794 1955 2841 ad
1993 2795 2209 2842 dextrum

233 2861 283 2910 in
304 2862 440 2911 Coelo
471 2861 534 2910 est
557 2861 791 2916 Meridies,
830 2860 880 2907 ὅτ
910 2859 968 2906 ad
1003 2859 1240 2906 Sinistrum
1280 2859 1342 2906 ibi
1381 2859 1446 2907 est
1476 2859 1744 2923 Septentrio,
1783 2860 1832 2906 &
1872 2859 1957 2907 hoc
1997 2861 2041 2908 in
2083 2863 2211 2908 omni

236 2928 521 2978 conversione
541 2927 667 2978 faciei
702 2927 752 2976 &
775 2926 974 2990 corporis
1001 2941 1159 2975 eorum
1181 2947 1196 2982 ;
1229 2926 1289 2973 ita
1326 2926 1372 2973 in
1395 2925 1531 2974 Coelo
1562 2927 1619 2973 ab
1647 2926 1835 2973 Oriente
1857 2925 2209 2974 determinantur

1250 2993 1306 3040 H
2053 3008 2211 3044 omnes

298 3144 398 3201 (uu)
429 3141 550 3197 Qod
568 3143 765 3188 Divinum
782 3144 940 3187 Verum
958 3146 1176 3200 procedens
1194 3160 1218 3188 a
1237 3144 1420 3189 Domino
1437 3145 1486 3188 fit
1515 3146 1682 3189 unicum
1702 3147 1823 3197 reale,
1855 3161 1881 3189 n
1898 3159 1907 3187 ε
1938 3146 2064 3190 6880.
2084 3159 2208 3202 7004·

240 3201 373 3245 8200.
432 3198 558 3256 Qod
587 3215 658 3256 per
676 3201 876 3247 Divinum
899 3202 1053 3247 Verum
1068 3203 1206 3247 omnia
1227 3203 1329 3247 faeta
1348 3203 1388 3247 δε
1407 3206 1539 3248 creata
1565 3203 1662 3257 fint,
1690 3217 1742 3249 n:
1766 3205 1893 3263 2803.
1925 3205 2051 3257 2884.
2080 3215 2207 3258 5272.

243 3259 372 3317 7835·
1700 3263 1703 3265 ’
