2546 3786
264 268 317 331 ·8
584 267 706 330 DE
768 265 1131 329 COELO
1199 286 1303 328 ετ
1360 265 1938 330 INFERNO.

271 394 344 451 fid,
384 393 511 459 quod
533 393 689 442 omnia
719 393 768 440 in
800 392 1006 441 universo
1030 391 1072 440 se
1093 390 1279 440 referant
1308 393 1366 440 ad
1390 389 1562 441 bonum
1597 393 1646 440 δε
1672 403 1849 449 verum,
1888 393 1983 440 vita
2005 393 2249 453 voluntatis

282 461 480 510 hominis
502 476 607 524 quae
623 458 691 506 est
715 460 808 518 vita
828 460 1114 521 amoris‘ejus
1135 457 1189 504 ad
1216 458 1405 514 bonum,
1442 460 1488 506 δι
1511 459 1603 506 vita
1635 457 1883 504 intellectus
1918 458 2114 507 hominis
2141 479 2250 525 quae

275 525 340 574 est
361 523 454 572 vita
464 525 581 572 fidei
591 522 698 588 ejus
728 523 783 572 ad
806 539 984 581 verum,
1009 538 1142 587 quare
1165 539 1271 571 cum
1296 539 1432 570 omne
1454 523 1629 570 bonurn
1646 524 1695 571 ὅτ
1714 538 1872 570 verum
1895 522 2081 589 desuper
2103 529 2244 586 venit,

277 590 472 654 sequitur
507 590 633 655 quod
664 590 799 638 etiam
832 605 968 637 omne
1007 591 1131 636 vitae.
1214 589 1341 648 Quia
1377 590 1545 652 Angeli
1585 591 1644 636 ita
1677 589 1883 645 credunt,
1919 589 2021 635 ideo
2057 605 2266 642 renuunt,

272 670 464 704 omnem
491 657 750 720 ‘gratiarum
785 656 1006 703 aelionem
1041 665 1224 716 propter
1262 653 1434 701 bonum
1468 653 1595 717 quod
1635 651 1820 710 faciunt,
1871 670 1921 701 ac
1959 654 2249 719 indignantur

276 723 328 770 ὅτ
351 721 584 778 recedunt,
623 721 656 768 si
679 722 780 783 quis
804 720 976 767 bonum
1002 719 1088 766 illis
1112 718 1299 766 tribuit:
1346 720 1566 767 mirantur
1593 719 1720 781 quod
1742 719 1901 783 aliquis
1923 721 2092 777 credat,
2126 724 2257 786 quocl

276 787 414 851 sapiat
436 803 493 835 ex
514 786 572 841 se,
609 787 659 832 &
682 784 809 848 quod
834 785 1006 833 bonum
1039 782 1169 832 faciat
1191 799 1249 831 ex
1285 782 1358 839 se;
1399 783 1572 831 bonum
1590 783 1740 831 ‚facere
1762 798 1946 848 propter
1968 785 2024 842 se,
2047 787 2134 834 hoc
2158 804 2249 837 non

275 865 441 899 mant
465 852 655 906 bonum,
692 851 799 913 quia
820 850 874 897 fit
894 865 954 897 ex
980 849 1053 905 se3
1089 861 1132 896 at
1166 849 1337 896 bonum
1365 847 1505 896 facere
1542 861 1726 913 propter
1749 849 1939 907 bonum,
1975 851 2064 900 hoc
2090 858 2253 900 v‘ocant

268 917 449 965 bonum
472 933 528 963 ex
550 917 741 972 Divino,
777 916 824 963 &
844 916 970 979 quod
994 915 1080 963 hoc
1104 914 1278 962 bonum
1297 914 1366 962 -sit
1399 914 1526 978 quod
1559 913 1666 963 facit
1699 914 1906 972 Coelum,
1945 918 2050 980 quia
2087 918 2135 966 id
2160 920 2251 967 Bo-

266 998 387 1030 num
411 982 474 1030 est
495 982 725 1029 Dominus
739 983 825 1041 (s).
918 995 920 999 ’
2147 1023 2149 1025 ,

346 1065 418 1097 10.
454 1048 665 1111 Spiritus,
702 1047 782 1109 qui
807 1046 922 1093 dum
962 1045 1006 1094 in
1033 1046 1208 1094 mundo
1232 1046 1459 1104 vixerunt,
1494 1047 1545 1094 in
1568 1045 1643 1095 illa
1675 1046 1765 1094 fide
1783 1045 1829 1094 se
1853 1047 2249 1108 confirmaverunt,

271 1114 401 1178 quod
424 1113 597 1160 bonum
620 1112 745 1175 quod
770 1109 940 1159 faciunt
974 1114 1021 1160 δι
1045 1127 1206 1160 verum
1230 1113 1357 1175 quod
1380 1113 1586 1170 credunt,
1622 1112 1708 1160 fint
1741 1128 1767 1159 a
1788 1112 1942 1170 semet,
1982 1126 2057 1162 aut
2086 1132 2252 1180 appro-

272 1181 414 1242 priata
437 1178 515 1225 fibi
535 1189 587 1226 ut
611 1177 701 1234 sua,
724 1178 771 1225 in
793 1193 882 1240 qua
905 1177 995 1224 fide
1018 1176 1118 1225 sunt
1141 1193 1299 1231 omnes
1322 1178 1386 1225 illi
1408 1179 1487 1242 qui
1514 1177 1727 1230 meritum
1751 1190 1927 1242 ponunt
1950 1179 1995 1226 in
2020 1179 2251 1240 beneaftis,

271 1261 323 1292 ac
348 1243 570 1307 justitiam
606 1243 685 1290 fibi
715 1244 966 1300 vindicant,
1003 1243 1069 1289 illi
1106 1258 1197 1291 non
1233 1245 1511 1306 recipiuntur
1542 1245 1590 1292 in
1630 1243 1822 1301 coelum,
1860 1245 2007 1308 angeli
2041 1246 2140 1294 illos
2178 1245 2252 1295 fu'-

270 1311 423 1373 giunt,
458 1309 655 1374 spe6tant
690 1307 790 1356 illos
826 1320 878 1355 ut
901 1307 1104 1372 stupidos
1137 1325 1187 1357 ac
1211 1321 1264 1357 ut
1296 1307 1432 1366 fures,
1471 1320 1523 1357 ut
1559 1309 1763 1373 stupidos
1796 1311 1902 1373 quia
1932 1309 2105 1374 jugiter
2127 1312 2252 1376 spec-

270 1389 369 1423 tant
404 1375 460 1423 ad
498 1375 539 1422 se
563 1375 613 1423 &
636 1390 727 1429 non
756 1374 813 1420 ad
837 1374 1081 1431 Divinum,
1118 1386 1171 1422 ut
1195 1373 1313 1422 fures
1351 1377 1458 1438 quia
1486 1373 1693 1422 auferunt
1714 1376 1921 1424 Domino
1953 1377 2080 1440 quod
2109 1379 2252 1441 Ipfius

268 1440 347 1490 est.
416 1442 490 1488 Hi
522 1454 675 1489 contra
709 1439 850 1487 fidem
882 1438 990 1487 coeli
1023 1438 1141 1498 sunt,
1166 1439 1300 1505 quod
1322 1440 1550 1489 Divinum
1573 1440 1765 1490 Domini
1801 1441 1924 1504 apud
1947 1443 2154 1506 Angelos
2187 1443 2252 1493 fa-

269 1508 355 1554 ciat
385 1507 574 1554 coelum
1234 1550 1257 1561 ,Α

342 1589 412 1620 1.1.
450 1571 594 1636 Qiod
632 1571 699 1618 ffli
730 1572 778 1618 in
801 1572 1010 1619 Domino
1039 1569 1140 1628 fint,
1175 1569 1227 1617 &
1263 1571 1493 1620 Dominus
1530 1572 1576 1619 in
1618 1571 1703 1619 illis
1741 1571 1822 1634 qui
1862 1571 1908 1619 in
1932 1572 2071 1620 Coelo
2110 1573 2160 1622 δε
2198 1574 2245 1622 in

207 1648 209 1651 ’
267 1638 482 1695 Ecclesia,
518 1638 653 1695 docet
679 1652 864 1700 quoque
879 1636 1125 1693 Dominus,
1141 1636 1352 1692 dicendo,
1391 1642 1424 1665 “
1445 1640 1627 1685 Ildanete
1658 1640 1703 1689 in
1725 1640 1822 1694 Me,
1847 1636 1901 1685 &
1920 1640 2011 1701 Ego
2035 1641 2080 1685 in
2103 1640 2241 1697 vobis,

251 1704 368 1762 ficut
391 1704 552 1765 palmes
586 1719 665 1750 non
696 1702 828 1764 potest
848 1702 972 1763 ferre
996 1702 1192 1764 frustum
1229 1719 1258 1749 a
1282 1705 1520 1767 semetipso,
1578 1703 1657 1764 nisi
1689 1703 1907 1766 manserit,
1939 1706 1985 1751 in
2025 1707 2134 1762 vite,
2177 1708 2245 1754 ita

266 1786 337 1823 nec
357 1786 434 1816 vos
455 1769 533 1828 nist
562 1772 608 1817 in
627 1771 707 1816 Me
733 1769 972 1829 manseritis
988 1786 1004 1815 .·
1049 1769 1144 1830 Ego
1172 1771 1271 1831 sum
1293 1771 1426 1826 Vitis,
1463 1785 1541 1823 vos
1554 1769 1755 1830 palmites
1775 1790 1790 1825 3
1826 1772 1897 1834 qui
1919 1779 2059 1818 manet
2079 1773 2125 1817 in
2145 1773 2242 1829 Me,

265 1832 321 1889 §.9⁹
341 1837 435 1898 Ego
458 1837 503 1882 in
530 1835 619 1892 illo,
657 1835 728 1882 hic
746 1834 846 1896 fhrt
859 1835 1058 1896 frustum
1079 1833 1291 1891 multum;
1326 1837 1426 1899 quia
1441 1835 1538 1895 stne
1560 1837 1641 1884 Me
1661 1850 1743 1883 non
1767 1835 1939 1897 potestis
1959 1835 2107 1898 facere
2127 1839 2245 1903 quic·

262 1916 406 1964 quam,
436 1900 528 1961 Joh
547 1918 559 1949 t
579 1916 672 1948 xv:
691 1917 724 1959 4
746 1900 802 1947 ad
830 1916 875 1963 7.
982 1939 984 1942 .
1284 1935 1288 1941 -
1575 1943 1587 1952 ,

337 1983 410 2015 12.
446 1967 521 2013 Ex
544 1967 612 2014 his
643 1981 763 2013 nunc
798 1964 995 2013 constare
1017 1964 1182 2026 potest,
1220 1964 1347 2026 quod
1371 1965 1599 2014 Dominus
1624 1965 1670 2012 in
1694 1966 1788 2013 Suo
1810 1966 1976 2017 habitet
1998 1968 2121 2031 apud
2144 1970 2247 2018 An-

261 2032 390 2095 gelos
423 2032 558 2092 coeli,
588 2033 639 2078 &
675 2031 735 2076 fic
768 2034 895 2092 quod
933 2028 1164 2075 Dominus
1203 2028 1256 2073 fit
1291 2043 1428 2076 omne
1462 2031 1508 2078 in
1540 2029 1754 2076 omnibus
1793 2031 1931 2086 coeli;
1977 2033 2027 2079 δε
2063 2032 2150 2080 hoc
2185 2051 2246 2082 ex

264 2095 407 2152 causa,
446 2096 553 2158 quia
573 2094 754 2141 Bonum
776 2107 804 2153 a
826 2093 1035 2140 Domino
1067 2090 1130 2139 est
1150 2091 1382 2141 Dominus
1420 2092 1542 2157 apud
1579 2093 1715 2152 illos‚‘
1736 2096 1861 2157 quod
1897 2096 2018 2145 enim
2057 2098 2113 2145 ab
2139 2097 2248 2162 Ipso

264 2161 329 2208 est
366 2159 464 2225 Ipse
500 2159 597 2215 est;
641 2157 990 2222 proindeAquod
1013 2158 1195 2208 Bonum
1229 2173 1256 2206 a
1289 2157 1498 2209 Domino
1532 2158 1587 2208 fit
1608 2159 1802 2225 Angelis
1826 2161 2034 2221 Caelum,
2075 2164 2124 2215 &
2153 2179 2246 2214 non

263 2226 447 2292 aliquod
458 2225 704 2299 Lpregium
727 2224 926 2287 illorum,

266 2416 497 2529 Qod
546 2417 909 2498 Divinum
952 2357 1258 2497 Domini
1319 2417 1395 2496 in
1439 2419 1688 2528 coe10,
1748 2415 1834 2497 fit
1872 2420 2123 2500 Amor.
2167 2421 2246 2499 in

531 2539 781 2648 Ipsum
820 2542 902 2620 ὃς
943 2538 1271 2620 Charitas
1311 2568 1481 2651 erga
1519 2538 1962 2649 proximum.

270 2748 343 2796 13.
502 2732 686 2782 Ivinum
712 2751 737 2782 a
757 2733 964 2783 Domino
995 2735 1239 2796 procedens
1270 2745 1458 2782 vocatur
1494 2733 1538 2781 in
1564 2732 1701 2782 Coelo
1722 2732 1951 2796 Divinum
1974 2734 2166 2791 Verum,
2191 2750 2248 2783 ex

529 2799 651 2847 causa
683 2800 740 2847 de
759 2816 848 2863 qua
877 2801 922 2846 in
946 2798 1241 2863 sequentibus.
1310 2801 1538 2848 Divinum
1562 2799 1647 2847 hoc
1672 2799 1845 2847 Verum
1880 2800 2029 2848 influit
2062 2802 2109 2848 in
2132 2802 2246 2851 Coe-

226 2880 235 2885 “
280 2879 363 2910 um
399 2880 423 2910 a
446 2864 653 2914 Domino
680 2882 736 2913 ex
769 2867 943 2914 Divino
968 2866 1143 2915 Amore
1181 2866 1336 2930 lpfius.
1409 2866 1607 2913 Divinus
1631 2866 1783 2913 Amor
1816 2865 1866 2912 ὅτ
1890 2865 1993 2912 inde
2016 2866 2244 2916 Divinum

265 2928 458 2985 Verum,
495 2930 534 2977 se
556 2929 720 2979 habent
742 2931 1045 2993 comparative
1069 2932 1178 2978 ficut
1202 2934 1320 2995 ignis
1345 2927 1458 2978 Solis
1481 2932 1531 2978 ὅτ
1555 2930 1634 2977 lux
1659 2930 1761 2977 inde
1785 2931 1830 2977 in
1855 2930 2047 2988 mundo,
2091 2934 2245 2980 Amor

263 2992 376 3042 ficut
398 2995 513 3058 ignis
532 2996 671 3054 Solis,
714 2999 764 3044 &
787 2997 961 3045 Verum
987 2997 1090 3044 inde
1115 2997 1226 3046 ficut
1260 2997 1339 3044 lux
1372 3012 1397 3045 e
1422 2996 1556 3045 Sole:
1596 3012 1652 3044 ex
1686 2995 2074 3066 correspondentia
2106 2999 2246 3110 eltiam

1144 3073 1148 3077 ’
2143 3079 2246 3126 gnis

318 3221 383 3277 (s)
414 3219 537 3273 Quod
557 3222 716 3265 Bonum
747 3239 769 3265 a
804 3224 987 3266 Domino
1018 3201 1125 3267 intus
1154 3223 1196 3267 in
1225 3224 1264 3266 se
1295 3221 1439 3266 habeat
1470 3217 1720 3271 Dominum,
1754 3232 1838 3263 non
1865 3227 2003 3266 autem
2033 3219 2187 3271 bonum
2220 3234 2245 3263 a

263 3279 435 3334 proprio,
468 3293 522 3321 n:
549 3281 674 3333 1802.
700 3294 825 3345 3951.
851 3282 982 3338 8478.
1920 3302 1922 3304 ’
