2546 3786
573 232 699 294 DE
757 231 1122 295 COELO
1190 231 1934 295 ETINFERNO.
2118 232 2246 314 169

253 357 458 422 jucunda
490 360 614 418 coeli,
650 361 696 408 in
732 361 943 410 exteriora
973 355 1178 421 jucunda
1217 357 1396 417 mundi,
1431 358 1664 422 quoniam,
1700 371 1752 407 ut
1787 359 1962 407 dietum
1999 357 2078 416 est,
2113 375 2249 407 omne

252 424 512 488 jucundum
537 427 599 474 est
622 428 810 484 amoris,-

327 508 438 557 397.
472 493 662 540 Coelum
686 494 730 541 in
766 489 808 536 se
844 488 930 536 tale
968 488 1046 546 est,
1084 501 1135 536 ut
1159 489 1346 553 plenum
1383 490 1443 538 fit.
1462 488 1694 552 jucundis,
1733 489 1871 553 usque
1903 490 2014 538 adeo
2038 502 2088 538 ut
2125 490 2169 537 in
2204 489 2246 537 se

262 557 508 622 spectatum
531 574 623 611 non
645 557 699 604 s1t
719 554 796 601 nili
822 571 959 619 quam
986 555 1166 603 beatum
1188 558 1235 603 δε
1254 554 1536 619 jucundum,
1570 557 1788 620 quoniam
1813 556 2039 603 Divinum
2063 558 2255 603 Bonum.

260 625 506 688 procedens
534 620 787 675 ex'Divino
811 624 987 670 Amore
1007 623 1201 669 Domini
1225 620 1333 670 facit
1356 622 1545 669 Coelu'm
1586 625 1632 671 in
1660 622 1899 670 communi
1939 622 1989 671 δε
2025 623 2070 670 in
2108 623 2246 685 parti-

262 690 399 737 culari
438 688 557 753 apud
594 689 948 751 unumquemvis
971 687 1051 744 ibi,
1087 703 1137 735 ac
1160 690 1356 736 Divinus
1378 691 1527 736 Amor
1561 689 1623 736 est
1660 688 1773 737 velle
1812 688 2023 735 omnium
2060 686 2247 736 salutem

260 756 310 803 &
333 757 539 804 omnium
563 751 823 801 felicitatem
858 754 915 801 ab
936 754 1108 802 intimis
1134 756 1182 802 δε
1206 755 1365 818 plene:
1416 754 1526 804 inde
1550 754 1629 813 est,
1653 755 1778 820 quod
1803 753 1895 803 five
1915 753 2034 802 dicas
2055 754 2248 802 Coelum

258 822 348 869 five
367 819 589 882 gaudium
614 819 814 877 coeleste,
854 836 1000 867 unum
1024 819 1094 867 fit.
2140 862 2142 865 .

253 904 257 911 ·
303 887 441 949 ‘398.
479 885 692 946 Jucunda
715 885 837 932 Coeli
870 885 971 934 sunt
1001 884 1255 942 ineffabilia,
1295 886 1344 933 &
1367 901 1553 949 quoque
1577 886 1677 934 sunt
1702 886 2057 943 innumerabilia,
2093 886 2166 934 sed
2191 902 2253 934 ex

257 951 654 1000 innumerabilibus
678 950 856 1000 nullum
881 949 1028 1016 potest
1051 950 1147 999 sciri
1178 967 1261 999 nec
1292 951 1418 999 credi
1449 952 1504 998 ab
1529 951 1608 999 illo
1629 953 1709 1015 qui
1733 953 1779 998 in
1802 951 1895 1000 solo
1910 951 2120 1016 jucundo
2143 968 2245 1000 cor-

258 1018 380 1081 poris
402 1015 472 1065 seu
496 1018 637 1066 carnis
661 1017 739 1073 est,
777 1020 1014 1082 quoniam,
1049 1029 1100 1068 ut
1123 1017 1254 1082 supra
1287 1016 1463 1067 dictum
1497 1016 1576 1074 est,
1614 1017 1823 1064 interiora
1861 1016 1960 1081 ejus
1993 1017 2187 1082 spe&ant
2220 1034 2248 1065 a

260 1083 386 1131 coelo
416 1083 471 1131 ad
498 1085 746 1141 mundum,
786 1086 848 1132 ita
869 1098 1020 1140 retro;
1061 1099 1166 1132 nam
1202 1083 1283 1148 q‘ui
1309 1095 1432 1131 totus
1469 1083 1516 1130 in
1539 1081 1749 1148 jucundo
1771 1084 1973 1147 corporis
2009 1083 2080 1131 seu
2105 1085 2247 1132 carnis

257 1149 339 1206 est,
376 1148 448 1197 seu
472 1150 597 1214 quod
621 1150 762 1209 idem,
803 1151 848 1198 in
882 1165 1036 1199 amore
1065 1149 1130 1198 sui
1151 1150 1200 1198 &
1226 1150 1404 1206 mundi,
1442 1148 1478 1196 is
1508 1150 1620 1197 nihil
1632 1147 1830 1214 jucundi
1854 1150 1983 1197 sentit
2005 1150 2084 1197 nifi
2107 1166 2249 1213 quam

258 1218 307 1263 in
345 1218 528 1274 honore,
562 1216 707 1276 lucro,
748 1218 797 1264 ὅτ
821 1212 1130 1283 voluptatibus
1162 1217 1363 1281 corporis
1387 1217 1435 1264 &
1458 1214 1682 1278 sensuum,
1725 1229 1832 1279 quae
1864 1219 1926 1275 ita
1957 1214 2250 1278 exstinguunt

261 1283 309 1330 ὅτ
336 1282 553 1331 suffocant
577 1281 774 1344 jucunda
809 1284 1032 1341 interiora,
1068 1299 1173 1348 quae
1195 1283 1303 1332 coeli
1326 1281 1442 1339 sunt,
1484 1294 1535 1330 ut
1572 1298 1666 1330 non
1703 1281 1940 1330 credantur
2010 1283 2102 1331 uod
2125 1281 2249 1335 fint;

261 1365 396 1412 quare
432 1347 563 1396 valde
601 1350 842 1397 miraturus
880 1351 999 1407 effet,
1039 1349 1071 1396 fi
1097 1349 1238 1397 modo
1261 1350 1484 1397 diceretur
1505 1349 1631 1412 quod
1656 1348 1821 1397 dentur
1835 1346 1982 1411 jucun
2017 1356 2042 1394 a
2063 1349 2249 1396 remotis

253 1413 471 1478 jucundis
496 1416 676 1463 honoris
712 1417 761 1463 ὅτ
787 1415 915 1474 lucri,
955 1417 1005 1463 &
1028 1415 1176 1476 adhuc
1214 1417 1374 1478 magis,
1413 1414 1444 1461 fi
1469 1414 1707 1472 diceretur,
1742 1414 1869 1478 quod
1897 1412 2103 1477 jucunda
2140 1414 2251 1461 'coeli

262 1482 366 1529 loco
390 1482 572 1529 illorum
594 1480 874 1530 succedentia
907 1477 992 1530 fint
1028 1482 1386 1539 innumerabilia,
1426 1495 1476 1528 ac
1501 1481 1604 1528 talia
1640 1492 1692 1528 ut
1712 1477 1920 1544 jucunda
1956 1480 2157 1544 corporis
2196 1480 2248 1528 &

262 1549 420 1604 carniS‚
455 1563 561 1612 quae
583 1549 812 1613 praecipue
837 1549 937 1595 sunt
959 1549 1142 1596 honoris
1175 1549 1225 1595 δε
1255 1548 1385 1603 lucri,
1420 1563 1528 1594 cum
1553 1546 1639 1594 illis
1662 1561 1756 1593 non
1779 1547 2028 1610 comparari
2051 1558 2249 1611 queant:

267 1614 374 1660 inde
398 1626 521 1676 patet
545 1613 686 1670 causa,
723 1629 805 1661 cur
828 1629 918 1661 non
944 1613 1079 1661 scitur
1101 1614 1213 1676 quid
1239 1613 1461 1675 gaudium
1483 1611 1677 1661 coeleste.
1728 1666 1729 1669 Ἴ
1778 1646 1780 1649 .
2168 1648 2173 1652 -
2211 1658 2215 1666 ,

330 1696 440 1743 399.
477 1681 717 1738 Quantum
747 1677 1007 1743 jucundum
1049 1678 1156 1727 coeli
1193 1678 1274 1735 est,
1309 1678 1453 1725 solum
1493 1677 1690 1726 constare
1723 1676 1966 1741 potestex
2001 1692 2075 1733 eo,
2122 1676 2252 1739 quod

249 1745 474 1792 ‚omnibus
515 1744 579 1791 ibi
609 1742 868 1807 jucundum
894 1745 948 1793 fit
971 1746 1310 1800 communicare
1332 1744 1406 1792 sua
1423 1742 1628 1807 jucunda
1661 1745 1710 1793 δε
1735 1744 1860 1791 beata
1894 1744 2035 1799 alteri,
2072 1742 2120 1789 &
2144 1743 2252 1806 quia

262 1827 420 1860 omnes
445 1811 552 1858 tales
574 1810 674 1858 sunt
699 1812 746 1858 in
769 1811 930 1868 coelis,
961 1823 1085 1876 patet
1112 1809 1550 1875 quamyimmensum
1588 1809 1652 1858 est
1676 1808 1939 1874 jucundum
1962 1809 2104 1865 coeli3
2145 1824 2251 1856 nam

264 1891 317 1924 ut
354 1878 484 1940 supra
517 1879 716 1937 11:268,
756 1875 979 1925 ostensum
1018 1878 1097 1933 est,
1137 1880 1184 1925 in
1223 1876 1367 1924 Coelis
1406 1877 1468 1925 est
1492 1877 1861 1943 ,communicatio
1892 1878 2102 1924 omnium
2142 1890 2251 1937 cum

264 1943 468 2006 singulis,
502 1944 552 1994 ὅτ
576 1942 856 2007 singulorum
894 1958 1006 1991 cum
1027 1943 1253 2005 omnibus.
1323 1942 1454 2006 Talis⁴
1473 1944 1828 2001 communicatio
1851 1942 2113 2006 profluit-,ex
2135 1939 2250 1987 binis

265 2009 494 2056 amoribus
521 2009 660 2064 Coeli,
697 2010 795 2072 qui,
830 2021 882 2055 ut
915 2010 1090 2057 dietum
1115 2009 1194 2066 est,
1234 2008 1334 2056 sunt
1364 2025 1491 2056 amor
1524 2010 1570 2055 in
1595 2009 1851 2056 Dominum
1888 2009 1938 2055 δε
1979 2022 2106 2055 amor
2144 2021 2250 2068 erga

263 2076 567 2138 proximum3
627 2075 672 2120 hi
711 2090 886 2121 amores
940 2076 1042 2122 sunt
1087 2075 1459 2122 communicativi
1509 2074 1691 2122 suorum
1731 2073 2076 2137 jucundorum:
2122 2073 2250 2135 quod

265 2157 392 2188 arnor
410 2142 455 2187 in
471 2140 729 2187 Dominum
754 2141 851 2187 talis
869 2139 936 2197 fit3
972 2140 1033 2188 est
1054 2142 1161 2204 quia
1184 2143 1336 2188 Amor
1358 2140 1551 2186 Domini
1574 2139 1636 2186 est
1652 2142 1805 2188 Amor
1826 2138 2249 2187 communicationis

265 2207 474 2253 omnium
508 2205 571 2253 sui
608 2222 715 2254 cum
749 2206 979 2264 omnibus,
1021 2223 1123 2254 nam
1156 2209 1366 2255 omnium
1395 2203 1652 2253 felicitatem
1678 2205 1815 2262 vult3
1862 2205 2014 2252 similis
2038 2219 2165 2250 amor
2188 2204 2259 2250 est.

265 2273 311 2318 in
335 2273 521 2334 singulis
551 2273 629 2336 qui
662 2267 1007 2336 amant'lpsum‚
1041 2273 1148 2337 quia
1171 2274 1400 2321 Dominus
1436 2273 1481 2319 in
1519 2271 1610 2319 illis
1639 2270 1720 2328 est,
1757 2272 1860 2319 inde
1894 2270 1957 2318 est
1991 2269 2250 2317 communi-

266 2338 384 2385 catio
409 2337 722 2401 jucundorum
751 2351 907 2386 mutua
931 2340 1218 2403 Angelorum
1259 2340 1374 2387 inter
1396 2338 1473 2394 se;
1516 2338 1641 2401 quod
1679 2354 1807 2385 amor
1844 2353 1953 2401 erga
1984 2336 2249 2400 proximum

267 2406 403 2450 etiam
426 2404 521 2450 talis
546 2403 615 2461 fit,
650 2405 876 2452 videbitur
907 2405 951 2452 in
975 2406 1290 2469 sequentibus:
1338 2420 1394 2453 ex
1414 2403 1580 2469 quibus
1602 2404 1803 2452 constare
1838 2402 2000 2467 potest,
2035 2402 2161 2466 quod
2185 2400 2250 2448 illi

264 2485 438 2516 amores
463 2469 547 2516 sint
570 2470 942 2518 communicativi
969 2471 1148 2519 suorum
1166 2471 1478 2536 jucundorum
1499 2489 1509 2519 :
1550 2470 1674 2518 aliter
1695 2485 1869 2529 amores
1892 2469 1955 2518 sui
1978 2471 2027 2517 &
2053 2467 2211 2515 mundi
2233 2489 2254 2522 3-

265 2551 392 2582 amor
416 2535 479 2582 sui
512 2535 789 2584 abstrahit&
812 2535 955 2585 aufert
977 2534 1114 2584 omne
1141 2536 1400 2601 jucundum
1433 2534 1548 2593 aliis,
1584 2537 1702 2585 &in
1738 2535 1779 2583 se
1815 2537 2004 2592 derivat,
2039 2549 2143 2581 nam
2169 2532 2249 2580 fibi

266 2601 345 2648 soli
383 2602 493 2648 bene
518 2602 650 2658 vult·‚
699 2604 745 2649 &
787 2619 916 2661 amor
952 2605 1117 2651 mundi,
1152 2604 1255 2651 vult
1289 2616 1340 2651 ut
1378 2603 1452 2653 sua
1485 2603 1571 2650 smt
1610 2618 1716 2667 quae
1753 2602 1952 2666 proximi
1970 2623 1995 2657 ς,
2031 2615 2166 2663 quare
2202 2599 2259 2645 hi.

267 2684 438 2714 amores
461 2668 560 2713 sunt
585 2668 841 2716 destructivi
872 2667 1182 2732 jucundorum
1220 2670 1341 2734 apud
1378 2669 1520 2726 alios3
1568 2670 1600 2716 si
1625 2669 1726 2715 sunt
1759 2667 2148 2722 communicativi,
2186 2664 2259 2711 esto

268 2747 451 2796 propter
487 2733 527 2780 se
567 2735 614 2781 ὅτ,
640 2751 729 2781 non
755 2748 939 2797 propter
968 2735 1092 2792 illos,
1119 2752 1253 2800 quare
1282 2735 1520 2800 respective
1552 2735 1607 2782 ad
1648 2735 1763 2789 illos,
1803 2733 1884 2780 nifi
1917 2743 2139 2796 quantum
2172 2728 2251 2794 ju·

269 2801 415 2858 cunda
438 2801 618 2846 illorum
644 2801 765 2863 apud
790 2799 830 2847 se
854 2813 930 2847 aut
969 2802 1015 2847 in
1037 2801 1079 2848 se
1102 2801 1218 2862 sint,
1240 2817 1331 2848 non
1360 2800 1731 2848 communicativi
1754 2798 1827 2846 sed
1853 2798 2111 2846 destruffivi
2134 2796 2259 2845 sunt..

272 2864 419 2924 Qud
446 2882 617 2913 amores
641 2866 703 2912 sui
729 2866 775 2912 &
804 2866 979 2922 mundi,
1017 2882 1122 2915 cum
1149 2879 1354 2929 regnant,
1395 2866 1502 2914 tales
1543 2866 1643 2922 sint,
1681 2865 1841 2929 saepius
1877 2881 1957 2928 per.
1981 2865 2133 2911 vivam
2173 2878 2250 2910 ex-

273 2931 528 2991 perientiam
564 2932 720 2978 datum
744 2931 805 2978 est
831 2933 1089 2996 percipere3
1135 2935 1309 2996 quoties
1334 2933 1549 2996 Spiritus,
1581 2932 1660 2996 qui
1702 2933 1756 2977 in.
1771 2931 1865 2978 illis.
1890 2929 2115 2989 amoribus
2154 2927 2253 2975 fue-

272 3007 376 3040 runt
412 2995 524 3042 dum
561 3000 768 3045 vixerunt
791 2999 1011 3046 *homines
1061 3001 1105 3046 in
1155 2999 1346 3056 mundo,
1394 2999 1789 3063 approximarunt,
1831 3000 1972 3045 toties.
1996 2995 2260 3058 jucundum,

275 3077 428 3106 meum
455 3065 617 3123 recessit
651 3066 697 3111 &
722 3064 900 3110 evanuit
917 3086 940 3119 ·,.
974 3066 1023 3111 &
1047 3081 1231 3128 quoque
1273 3066 1382 3112 mihi
1414 3065 1588 3113 dietum
1624 3064 1703 3119 est,
1739 3064 1864 3126 quod
1902 3064 1933 3109 fi
1973 3063 2090 3110 tales.
2112 3061 2264 3108 modo-

274 3126 637 3188 appropinquant
658 3130 806 3176 versus
831 3130 1025 3192 aliquam
1050 3130 1302 3179 societatem
1336 3130 1582 3186 coelestem,
1618 3130 1794 3194 prorsus
1827 3129 1881 3176 ad
1905 3128 2099 3191 gradum
2137 3142 2254 3188 prae-

274 3191 422 3240 sentiae.
451 3207 608 3241 eorum
631 3193 915 3245 ‘diminuatur
947 3193 1205 3258 jucundum
1239 3195 1422 3244 illorum
1455 3199 1534 3260 qui
1567 3198 1617 3251 in
1656 3196 1859 3245 societate
1894 3194 2022 3252 sunt„
2046 3195 2094 3241 &
2129 3189 2263 3253 quodi

282 3267 291 3273 '
713 3267 716 3270 ’
1326 3263 1373 3310 Y
2074 3258 2272 3312 mirum„
