2546 3786
299 283 386 341 14
599 260 727 321 1311
770 257 1146 319 'C'OELO
1208 279 1295 321 EF
1354 255 1944 320 INFERNO.

359 403 424 452 27
429 388 601 446 ssQuia
621 398 664 434 ta
666 386 720 432 le
729 382 964 432 discrimen
997 384 1061 432 est
1098 385 1213 432 inter
1237 385 1442 449 Angelos
1464 385 1619 449 Regni
1648 383 1838 436 coelestis
1860 385 1910 433 ὅτ
1934 384 2049 433 inter
2064 386 2278 451 Angelos

281 405 462 517 Regni
469 452 718 525 spiritualis,
744 450 848 498 ideo
871 456 963 497 non
987 450 1119 498 fimul
1143 449 1260 508 sunt,
1304 466 1384 499 nec
1407 451 1682 500 consortium
1707 450 1821 498 inter
1843 449 1885 498 se
1909 449 2106 506 habent3
2142 452 2286 527 da*

294 521 437 566 modo
482 517 833 565 communicatio
888 530 967 579 per
1012 515 1236 564 societates
1291 517 1511 580 angelicas
1559 516 1860 573 intermedias,
1909 531 2014 578 quae
2053 529 2277 579 vocantur

293 584 494 631 coelestes
518 584 791 647 spirituales3
831 597 909 645 per
942 582 1018 630 has
1049 582 1200 629 influit
1221 583 1442 646 Regnum
1465 582 1679 630 coeleste
1669 598 1714 630 in
1737 552 1975 646 Spirituale
1998 584 2132 640 (nn):
2175 580 2280 632 inde

292 651 363 706 fit,
403 650 529 713 quod
570 648 742 696 tametsi
778 648 953 695 coelum
989 650 1036 695 in
1072 647 1169 694 duo
1192 649 1354 711 Regna
1389 647 1586 695 divisum
1623 647 1709 704 est
1754 647 1893 711 usque
1937 663 2083 694 unum
2121 644 2270 697 faciat.

291 717 521 762 Dominus
546 716 718 776 semper
748 713 959 776 providet
979 712 1162 775 angelos
1195 714 1304 761 tales
1338 714 1648 770 intermedius,
1682 729 1762 777 per
1783 729 1898 777 quos
1921 714 2276 762 communicatio

292 782 343 827 δε
367 780 640 842 conjunfflo.

361 851 435 893 28.
473 846 596 907 Qia
626 843 781 891 multis
812 843 960 905 agitur
993 845 1040 890 in
1064 799 1345 909 sequentibus
1367 845 1423 892 d'e
1452 843 1641 907 Angelis
1666 844 1798 892 unius
1831 845 1881 893 &
1901 845 2078 897 alterius
2101 844 2274 907 Regni,

292 911 394 958 ideo
428 910 628 975 specifica
656 909 738 956 hic
772 913 1102 972 praeteriuntur.

798 1093 1029 1202 Qod
1064 1089 1260 1214 'Tres‘
1304 1088 1498 1168 Coeli
1548 1085 1714 1192 lint.

284 1292 370 1341 29.
502 1270 508 1275 ”
530 1277 653 1326 RES
689 1276 814 1325 Coeli
838 1276 954 1334 sunt,
979 1279 1027 1326 &
1051 1277 1115 1325 illi
1139 1277 1257 1325 'inter
1282 1275 1322 1324 se
1346 1276 1674 1334 distinffiffimi,
1699 1274 1921 1324 Intimum
1944 1275 2016 1324 seu
2040 1277 2271 1336 Tertium,

563 1343 777 1391 Medium
809 1342 882 1390 seu
904 1344 1183 1400 Secundum,
1222 1345 1272 1391 δε
1293 1343 1531 1390 Ultimum
1565 1341 1637 1389 seu
1659 1312 1905 1398 ’Primum3
1943 1342 2274 1407 consequuntur

287 1408 354 1455 illi
378 1424 428 1456 ac
451 1408 686 1456 subsistunt
709 1411 822 1456 inter
843 1408 901 1465 se,
940 1409 1052 1457 ficut
1075 1408 1335 1472 supremum
1361 1408 1556 1456 hominis
1589 1407 1715 1470 quod
1734 1407 1892 1469 Caput
1914 1422 2119 1467 vocatur,
2167 1412 2274 1458 Me·

283 1474 415 1521 dium
457 1472 551 1538 ejus
586 1474 715 1547 quod
747 1474 943 1538 Corpus,
983 1476 1033 1523 δι·
1070 1475 1288 1522 ultimum
1322 1474 1447 1538 quod
1487 1473 1658 1538 pedes·,
1707 1474 1758 1520 δε
1782 1472 1893 1520 ficut
1929 1472 2131 1538 suprema
2171 1491 2272 1539 pars

287 1541 472 1596 domus,
509 1541 656 1588 media
677 1556 789 1600 eius,
825 1541 883 1588 &
899 1540 1054 1588 infima
1076 1539 1199 1603 ejus:
1250 1542 1295 1587 in
1321 1540 1397 1587 tali
1420 1540 1578 1587 ordine
1608 1540 1742 1587 etiam
1763 1539 1827 1586 est
1850 1539 2075 1588 Divinum
2099 1542 2223 1617 quod
2246 1558 2270 1589 a

273 1605 495 1670 Domino
527 1606 803 1670 procedit&
828 1606 1090 1663 descendit;
1131 1606 1235 1654 inde
1272 1621 1329 1654 ex
1367 1606 1612 1677 necestitate
1655 1604 1824 1653 ordinis
1846 1605 2038 1690 Coelum
2074 1608 2270 1671 triparti-

288 1681 389 1718 tum
422 1672 498 1718 est.

356 1755 430 1800 30.
467 1738 677 1787 Interiora
699 1739 896 1787 hominis
919 1755 1026 1804 quae
1046 1738 1140 1804 ejus
1163 1739 1340 1790 Mentis
1379 1739 1429 1787 δε
1451 1738 1614 1788 Animi
1652 1739 1771 1796 sunt,
1810 1738 1955 1786 etiam
1971 1738 2016 1786 in
2042 1738 2172 1786 simili
2197 1755 2270 1788 or-

286 1802 391 1851 dine
415 1803 549 1859 sunt;
585 1805 648 1853 est
672 1807 712 1853 ei
749 1807 981 1862 intimum,
1024 1805 1248 1863 medium,
1282 1822 1335 1853 ac
1357 1805 1610 1860 ultimum,
1655 1821 1760 1852 nam
1798 1805 1845 1852 in
1867 1803 2118 1862 hominem,
2153 1806 2269 1854 dum

286 1883 474 1926 creatuS‚
515 1871 669 1919 omnia
691 1871 880 1919 Ordinis
897 1872 1057 1920 Divini
1081 1871 1240 1919 collata
1260 1870 1378 1928 sunt,
1403 1872 1515 1918 adeo
1539 1883 1590 1918 ut
1609 1869 1756 1919 sacius
1779 1870 1832 1918 fit
1853 1871 2051 1918 Divinus
2085 1866 2233 1919 ordo'
2221 1889 2269 1920 in

276 1930 448 1993 forma,
483 1937 533 1985 δε
555 1937 661 1984 inde
684 1937 895 1985 coelum
884 1954 929 1984 m
954 1939 1145 1985 minima
1164 1938 1318 2000 effigie
1332 1940 1467 1997 (oo)
1505 1936 1611 1983 ideo
1632 1938 1771 1984 etiam
1796 1937 1935 1987 homo
1958 1939 2268 1986 communicat

282 2015 392 2048 cum
414 2001 542 2050 coelis
564 2003 714 2065 quoad
735 2004 944 2051 interiora
965 2003 1075 2058 sua·
1115 2004 1166 2050 &
1188 2018 1372 2064 quoque
1411 2004 1526 2048 inter
1551 2002 1758 2067 Angelos
1780 2002 1904 2048 venit
1927 2002 2028 2064 post
2052 2014 2266 2061 mortem,

275 2066 397 2112 inter
430 2067 637 2129 ,Angelos
675 2068 827 2113 intimi
865 2067 994 2122 coeli,
1039 2078 1117 2113 aut
1156 2067 1312 2122 medii,
1348 2078 1427 2114 aut
1464 2065 1632 2123 ultimi,
1677 2062 1925 2113 secundum
1961 2069 2264 2132 receptionem

273 2131 440 2179 Divini
461 2132 567 2179 boni
591 2134 641 2180 &
664 2133 758 2179 veri
784 2148 810 2178 a
830 2132 1056 2189 Domino,
1080 2147 1188 2179 cum
1211 2133 1330 2179 vivit
1352 2133 1398 2179 in
1424 2131 1615 2179 mundo.

351 2213 427 2260 31.
462 2198 686 2245 Divinum
725 2197 853 2261 quod
890 2198 1038 2244 influit
1073 2214 1098 2244 a
1135 2199 1343 2245 Domino
1382 2198 1432 2244 &
1466 2198 1680 2261 recipitur
1718 2197 1765 2244 in
1788 2197 1948 2246 Tertio
1987 2197 2060 2246 seu
2099 2200 2266 2250 intimo

281 2263 419 2317 coelo,
455 2275 647 2311 vocatur
683 2263 899 2320 Coeleste,
940 2265 989 2311 &
1025 2263 1131 2312 inde
1155 2264 1326 2326 Angeli
1356 2264 1438 2339 qui
1474 2263 1535 2309 ibi
1573 2275 1794 2310 vocantur
1818 2265 1990 2329 Angeli
2025 2266 2262 2323 coelestes;

271 2329 504 2377 Divinum
540 2328 667 2392 quod
705 2330 851 2377 influit
890 2344 914 2376 a
936 2329 1142 2377 Domino
1180 2330 1230 2377 &
1254 2329 1466 2393 recipitur
1503 2331 1548 2376 in
1576 2329 1786 2377 Secundo
1822 2329 1893 2376 seu
1931 2331 2083 2378 medio
2104 2332 2261 2389 Coelo,

281 2409 470 2443 vocatur
487 2395 739 2459 Spirituale,
760 2397 809 2442 δε
833 2396 937 2442 inde
951 2395 1123 2458 Angeli
1145 2397 1225 2459 qui
1250 2395 1310 2442 ibi
1329 2395 1500 2458 Angeli
1525 2394 1799 2459 spirituales
1787 2416 1801 2448 ς
1846 2396 2079 2444 Divinum
2111 2412 2262 2447 autem

277 2463 407 2525 quod
430 2462 577 2522 influit
599 2478 624 2508 a
647 2462 852 2511 Domino
877 2462 923 2510 &
949 2462 1162 2526 recipitur
1198 2463 1246 2508 in
1270 2461 1453 2510 Ultimo
1485 2412 1573 2509 seu
1587 2463 1739 2525 primo
1762 2461 1918 2520 Coelo,
1955 2474 2141 2512 vocatur
2164 2465 2261 2512 Na-

2006 2552 2011 2557 *
2083 2530 2223 2576 turale
2245 2553 2260 2586 ;

339 2665 439 2721 (nn)
470 2665 633 2719 Qod‘
614 2677 718 2710 inter
738 2667 818 2708 duo
837 2666 979 2721 Regna
994 2665 1040 2708 sit
1060 2667 1379 2708 communicatio
1398 2666 1437 2707 ὅτ
1456 2665 1695 2720 conjunfflo
1713 2679 1784 2719 per
1805 2666 2010 2706 societates
2029 2663 2257 2717 Angelicas,

279 2735 369 2775 quae
387 2735 583 2765 vocantur
601 2723 778 2765 coelestes
809 2725 1040 2778 spirituales,
1080 2737 1135 2764 n:
1150 2736 1278 2780 4047.
1316 2723 1443 2778 6435.
1465 2723 1591 2780 8787.
1614 2723 1741 2766 8881.
1802 2721 1869 2764 De
1898 2721 2056 2763 influxu
2086 2721 2258 2765 Domini

279 2793 350 2832 per
370 2778 558 2836 Regnum
589 2780 752 2823 coeleste
782 2784 822 2822 in
843 2781 1057 2836 spirituale,
1085 2794 1150 2822 -zn
1169 2782 1296 2837 3969.
1319 2781 1447 2836 6366.

338 2836 360 2889 (
363 2841 424 2894 oo)
455 2837 579 2889 Quod
613 2840 653 2879 in
687 2839 895 2881 hominem
927 2840 1067 2881 omnia
1085 2837 1226 2879 Divini
1249 2839 1416 2896 Ordinis
1446 2838 1589 2880 collata
1621 2837 1715 2891 fint,
1744 2838 1784 2880 &
1804 2836 1912 2891 quod
1942 2837 2069 2878 homo
2094 2851 2116 2878 a
2145 2851 2256 2890 crea-

278 2894 389 2935 tione
408 2894 453 2936 sit
472 2894 647 2937 Divinus
667 2895 785 2937 Ordo
814 2897 856 2937 in
882 2897 1027 2947 forma,
1060 2909 1119 2936 n:
1140 2909 1269 2951 4219.
1300 2909 1429 2949 4220.
1463 2909 1593 2952 4223.
1627 2894 1759 2951 4523.
1795 2906 1925 2960 4524.
1959 2907 2091 2948 5114.
2125 2896 2255 2950 5368.

270 2952 407 3007 6013.
423 2953 556 3009 6057.
579 2953 707 3008 6605.
739 2954 866 2995 6626.
887 2954 1015 3020 9706.
1054 2953 1206 3008 10156.
1231 2965 1385 3010 10472.
1445 2952 1571 3007 Qud
1598 2953 1701 3007 apud
1730 2952 1937 2993 hominem
1953 2950 2139 2992 internus
2171 2953 2255 3009 ejus
2318 2968 2329 2978 κ

271 3010 403 3050 'homo
423 3012 616 3052 formatus
635 3009 682 3051 sit
711 3012 758 3051 ad
789 3012 1002 3065 imaginem
1027 3008 1151 3058 Coeli,
1179 3011 1219 3053 δι
1238 3009 1440 3052 Externus
1465 3012 1511 3051 ad
1541 3011 1758 3066 imaginem
1786 3008 1944 3059 mundi,
1979 3008 2019 3050 &
2037 3009 2142 3063 quod
2164 3011 2255 3052 ideo

275 3067 401 3108 homo
428 3068 476 3108 ab
503 3069 673 3124 antiquis
702 3069 833 3109 didius
864 3069 910 3110 fit
939 3069 1241 3118 microcosmus,
1276 3081 1331 3108 n:
1348 3081 1476 3124 4523.
1500 3068 1627 3124 5368.
1650 3068 1777 3122 6013.
1801 3066 1933 3121 6057.
1965 3078 2092 3131 9279.
2122 3068 2252 3133 9706.

280 3125 613 3182 1015610472
655 3124 778 3174 Quod
798 3125 852 3167 fic
877 3127 1001 3167 homo
1020 3140 1070 3167 ex
1092 3126 1296 3167 creatione
1315 3128 1446 3179 quoad
1468 3126 1658 3167 interiora
1678 3125 1744 3165 sua
1771 3123 1819 3165 sit
1838 3122 1992 3164 coelum
2023 3125 2064 3165 in
2085 3125 2252 3167 minima

276 3183 406 3236 effigie
436 3183 482 3222 ad
510 3183 726 3237 imaginem
745 3181 942 3234 Maximi,
972 3184 1014 3225 &
1031 3184 1137 3237 quod
1157 3182 1279 3224 etiam
1302 3182 1387 3224 talis
1407 3182 1455 3224 sit
1481 3184 1604 3223 horno
1623 3182 1691 3235 qui
1724 3196 1748 3223 e
1779 3195 1886 3223 novo
1908 3190 2064 3222 creatus
2099 3181 2157 3222 est
2185 3181 2252 3225 seu

275 3249 528 3295 regeneratus
553 3239 1492 3338 2001111110,1ι;911.1900.19823624ιά
1517 3240 1644 3296 3631.
1668 3240 1794 3296 3634.
1819 3236 1946 3294 3884.
1966 3251 2095 3292 4041.
2116 3251 2247 3297 4279.

272 3309 399 3352 4523.
422 3310 549 3351 4524
571 3296 698 3353 4625.
727 3298 855 3355 6013.
878 3299 1009 3355 6057.
1036 3311 1163 3356 9279.
1193 3297 1250 3354 96
1256 3311 1324 3353 32.
