2546 3786
317 235 402 316 96
548 235 744 296 ‘DE
810 227 1172 293 COELo
1241 193 1349 291 m?
1401 227 1984 291 INFERNO.

312 363 435 427 apud
468 361 698 411 hominem
727 358 858 406 estin
881 368 1019 421 caput
1049 356 1145 421 ejus
1167 357 1466 421 undequaque
1488 372 1517 404 a
1533 354 1813 418 frontispicio
1849 356 1899 405 δε
1928 357 2208 420 temporibus
2232 362 2290 410 ad

314 445 500 476 omnem
525 440 712 490 'partem
747 424 828 472 sub
857 440 948 487 qua
979 423 1043 469 est
1080 422 1331 477 cerebrum,
1371 425 1478 486 quia
1512 423 1589 471 illa
1626 424 1751 486 regio
1788 422 1945 486 capitis
1978 424 2293 488 correspondet

314 495 636 557 intelligentiae.
708 491 910 538 Influxus
947 502 1096 535 autem
1134 488 1422 551 Angelorum
1454 488 1723 536 Coelestium
1763 487 1825 535 est
1863 489 1910 535 in
1954 488 2078 537 illam
2118 504 2296 554 partem

314 562 487 622 Capitis
520 558 602 605 sub
621 571 710 619 qua
731 555 795 602 est
818 554 1106 610 cerebellum,
1130 554 1179 601 δε
1202 564 1390 601 vocatur
1411 554 1699 616 occipitium,
1717 553 1774 602 ab
1796 554 1974 602 auribus
1998 554 2297 620 undequaque

314 627 484 672 circum
499 623 646 685 'usque
670 637 694 667 a
716 621 905 676 cervice,
942 636 1047 669 nam
1068 620 1143 666 illa
1166 616 1295 681 regio
1315 618 1631 682 correspondet
1652 618 1888 683 sapientiae.
1933 622 2100 669 Omnis
2122 622 2300 685 loquela

314 692 580 752 angelorum
604 703 710 736 cum
737 688 918 733 homine
941 688 1076 733 intrat
1099 701 1180 748 per
1203 685 1297 733 illas
1322 687 1416 732 vias
1438 686 1487 731 in
1501 686 1807 748 cogitationes
1828 684 1922 749 ejus
1937 704 1962 735 :-
2008 687 2113 736 inde
2138 703 2301 753 apper-

314 768 498 818 ceptum
520 752 600 808 est,
633 753 817 815 quinam
844 751 1015 815 Angeli
1039 750 1240 808 fuerunt,
1284 752 1364 814 qui
1389 765 1570 797 mecum
1594 750 1776 813 loquuti
1810 749 1930 800 sunt.

381 836 489 882 252.
528 819 627 883 Qi
657 819 905 882 loquuntur
928 834 1039 865 curn
1063 818 1258 880 Angelis
1290 817 1419 874 coeii,
1457 815 1520 863 illi
1543 817 1679 864 etiam
1705 816 1860 864 vident
1888 821 1942 866 ea
1963 834 2074 883 quae
2107 820 2154 867 in
2177 820 2302 869 coelo

313 887 430 943 sunt,
465 887 569 948 quia
590 884 747 932 vident
782 900 838 932 ex
877 884 978 932 luce
1011 883 1139 939 coeli,
1180 886 1226 929 in
1260 899 1354 946 qua
1385 883 1594 930 interiora
1621 896 1776 930 eorum
1809 880 1946 938 sunu
1980 885 2118 933 ctiam
2155 888 2302 949 angeli

319 968 398 1016 per
422 952 521 999 illos
537 951 702 998 vident
724 967 773 998 ea
793 966 900 1013 quae
925 952 969 996 in
996 948 1151 997 tellure
1168 949 1276 995 sunt
1295 949 1388 1008 (tt)
1407 970 1424 1004 3
1461 948 1526 995 est
1545 949 1667 996 enim
1701 947 1821 1011 apud
1861 947 1966 996 illos
1995 950 2169 999 coelum
2192 969 2302 1001 con-

307 1012 525 1082 junctum.
548 1016 741 1072 mundo,
774 1018 822 1063 δε
848 1016 1047 1063 mundus
1086 1013 1354 1077 conjunctus
1388 1014 1529 1070 coe10‚
1564 1029 1669 1061 nam
1692 1025 1745 1060 ut
1766 1012 1896 1076 supra
1918 1016 2094 1075 n:‘246
2126 1018 2303 1067 dietum

315 1085 395 1140 est,
432 1099 540 1131 cum
565 1083 735 1145 Angeli
773 1081 815 1128 se
850 1093 1123 1128 convertunt
1155 1080 1212 1127 ad
1246 1080 1501 1136 hominem,
1536 1077 1578 1126 se
1602 1078 1889 1142 conjungunt
1928 1082 1970 1130 ei
2005 1083 2098 1138 ita„
2127 1095 2179 1131 ut
2210 1102 2301 1132 non

315 1151 440 1197 aliter
466 1148 615 1204 sciant,
651 1147 945 1210 quam·quod
969 1161 1074 1208 quae
1097 1145 1296 1194 bominis
1325 1145 1445 1203 sunt,
1486 1143 1562 1192 sua
1584 1145 1691 1209 sint,
1723 1161 1815 1193 non
1844 1146 1987 1194 modo
2010 1147 2082 1194 illa
2105 1164 2214 1211 quae
2236 1151 2305 1198 lo-

315 1216 466 1279 quelae
488 1212 580 1277 ejus
605 1213 719 1268 sunt,
745 1211 817 1258 sed
839 1214 979 1258 etiam
1012 1211 1090 1258 illa
1109 1227 1219 1274 quae
1238 1211 1361 1259 visus
1378 1213 1433 1260 &
1453 1211 1634 1259 auditus
1657 1210 1751 1267 est;
1787 1211 1936 1260 homo.
1953 1214 2089 1260 etiam
2111 1216 2304 1264 vicissim

317 1297 409 1328 non
433 1281 556 1327 aliter
579 1280 675 1334 scit,
700 1284 840 1340 quem
864 1293 969 1341 quae
989 1293 1069 1341 per
1094 1277 1301 1340 Angelos
1323 1277 1536 1332 influunt,
1569 1276 1644 1324 fixa
1665 1277 1767 1324 sint.
1817 1278 1871 1326 In
1895 1279 1972 1331 tali
1991 1277 2306 1342 conjunctione

314 1362 427 1393 vcum
452 1343 643 1407 Angelis
664 1343 773 1391 coeli
812 1342 994 1391 fuerunt
1011 1344 1330 1407 Antiquiffimi
1362 1344 1411 1390 in
1432 1343 1514 1401 hac
1537 1342 1711 1399 tellure,
1751 1358 1950 1405 quotum
1974 1356 2178 1408 nempora
2203 1348 2309 1396 ideo

317 1423 472 1459 vocata
506 1409 607 1456 sunt
646 1409 893 1457 Saeculum'
913 1425 1136 1465 aureum3
1182 1409 1248 1457 ini
1280 1409 1388 1473 quia
1417 1420 1700 1472 agnoverunt
1722 1408 1952 1456 Divinum
1984 1409 2064 1457 sub
2089 1412 2310 1461 Humana

318 1476 480 1533 forma,
516 1477 578 1522 ita
601 1476 876 1532 Dominum,
915 1475 1095 1539 loquuti
1135 1475 1237 1523 sunt
1256 1490 1365 1522 cum
1391 1475 1584 1538 Angelis
1606 1475 1733 1523 Coeli
1767 1486 1820 1523 ut
1849 1489 1959 1523 cum
1993 1475 2096 1533 suis,
2133 1479 2183 1525 &
2204 1482 2307 1526 An-

317 1544 409 1605 geli
432 1542 556 1589 Coeli
578 1555 686 1589 cum
711 1541 798 1589 illis
821 1542 1011 1589 viciffim
1036 1554 1088 1589 ut
1110 1556 1219 1589 cum
1242 1539 1347 1598 suis,
1386 1541 1436 1588 δε
1460 1542 1511 1587 in·
1530 1541 1619 1589 inis
1638 1540 1814 1588 coelum
1850 1542 1899 1588 &
1926 1543 2124 1590 mundus
2162 1560 2307 1593 unum

317 1608 533 1656 fecerunt.
604 1609 674 1655 At
698 1607 842 1656 homo
862 1608 965 1671 post
1000 1607 1077 1655 illa
1111 1619 1319 1670 tempora
1357 1604 1399 1653 sc
1437 1605 1672 1654 succeffive
1693 1607 1891 1654 removit
1921 1623 1947 1654 e
1970 1608 2225 1672 coelo‚x-per
2262 1613 2309 1659 id

319 1674 445 1737 quod
470 1685 636 1721 amaret
660 1671 701 1720 se
718 1688 818 1736 prae
840 1673 1065 1730 Domino,
1104 1673 1155 1720 δε
1179 1671 1408 1720 mundum
1431 1687 1528 1736 prae
1549 1671 1690 1729 coelo‚
1730 1672 1839 1719 inde
1867 1672 2025 1720 sentire
2063 1677 2201 1738 caepit
2231 1674 2310 1738 ju-

318 1740 468 1786 cunda
491 1740 656 1787 amoris
679 1738 742 1785 sui
765 1740 815 1786 &
840 1739 1002 1786 mundi
1025 1737 1221 1801 separata
1236 1754 1263 1786 a
1283 1736 1494 1800 jucundis
1514 1738 1639 1794 coeli,
1663 1738 1717 1785 δε
1737 1738 1921 1786 tandem
1944 1739 2084 1802 usque
2121 1741 2232 1789 adeo
2256 1756 2309 1791 ut

321 1805 504 1853 nesciret
523 1805 635 1868 quid
658 1804 778 1851 aliud
809 1804 1094 1865 jucundum:
1139 1816 1255 1852 tunc·
1282 1802 1426 1852 clausa
1446 1802 1550 1851 sunt
1582 1804 1807 1860 interiora,
1847 1820 1955 1866 quae
1985 1817 2228 1868 patuerunt
2261 1811 2310 1856 in

311 1872 514 1927 coelum,
557 1872 606 1917 &
630 1882 778 1933 aperta
798 1871 1015 1918 exteriora
1053 1869 1110 1917 ad
1136 1869 1364 1917 mundum
1383 1891 1400 1926 ·‚
1445 1869 1571 1933 quod
1595 1883 1703 1916 cum
1733 1868 1804 1925 fit,
1845 1869 1988 1919 homo
2026 1871 2073 1918 in
2105 1871 2207 1921 luce
2246 1874 2311 1922 est

317 1937 470 2001 quoad
493 1937 648 1984 omnia
668 1951 775 1999 quae
797 1935 960 1983 mundi
984 1935 1100 1992 sunt,
1131 1937 1180 1984 δι
1203 1937 1249 1983 in
1273 1934 1463 1998 caligine
1483 1935 1636 1999 quoad
1659 1935 1816 1983 omnia
1836 1949 1941 1999 quae
1962 1936 2071 1984 coeli
2093 1937 2208 1986 sunt.

392 2019 507 2066 253.⁴
539 2001 647 2050 Post
686 2001 760 2049 illa
798 2014 1004 2067 tempora
1042 2017 1141 2050 raro
1174 2002 1337 2065 aliquis
1363 2002 1580 2064 loquutus
1613 2001 1678 2048 est
1713 2017 1822 2049 cum
1838 2002 2042 2065 Angelis:
2070 2004 2194 2061 coeli,
2236 2004 2316 2053 sed.

318 2068 463 2131 aliqui
495 2083 605 2115 cum
643 2067 886 2130 spiritibus,
920 2068 1003 2129 qui
1041 2083 1133 2114 non
1167 2067 1213 2114 in
1251 2066 1389 2114 Coelo
1429 2066 1559 2114 sunt:
1606 2067 1819 2114 interiora
1844 2069 1968 2126 enim
2005 2068 2055 2115 ὅτ
2093 2071 2311 2119 exteriora

325 2133 521 2181 hominis
558 2132 659 2180 talia
681 2132 887 2190 suntsut
909 2132 983 2179 vel
1015 2131 1223 2180 conversa
1259 2130 1345 2179 lint
1376 2131 1432 2178 ad
1458 2132 1715 2179 Dominum
1754 2143 1807 2179 ut
1839 2133 1899 2179 ad
1919 2133 2142 2182 Centrum
2180 2134 2311 2185 suum

322 2214 590 2254 commune,
625 2214 687 2245 n:
714 2215 822 2258 124,
857 2198 928 2246 vel
954 2197 1011 2246 ad
1035 2197 1244 2261 seipsum,
1280 2199 1343 2244 ita
1373 2209 1492 2245 retro
1521 2214 1549 2245 a
1569 2198 1775 2245 Domino
1794 2218 1811 2252 ·,
1850 2213 1957 2261 quae
1978 2200 2034 2246 ad
2055 2199 2311 2250 Dominum

319 2264 540 2313 conversa·
558 2263 673 2320 sunt,
713 2267 849 2312 etiam
884 2263 939 2311 ad
975 2264 1148 2311 coelum
1178 2262 1388 2312 conversa
1410 2262 1528 2320 sunt,
1560 2279 1667 2326 quae
1687 2275 1838 2311 autem
1861 2265 1915 2312 ad
1942 2263 2152 2328 seipsum,
2175 2270 2311 2317 etiam

326 2332 383 2378 ad
409 2330 633 2378 mundum
654 2351 669 2385 3
699 2330 759 2379 .&
781 2345 888 2393 quae
910 2330 999 2377 huc
1022 2329 1144 2377 versa
1179 2330 1295 2386 sunt,
1335 2330 1643 2393 aegrepelevari
1664 2330 1877 2393 poffunt3
1914 2330 2143 2379 elevantur
2165 2345 2314 2383 tamen

327 2412 355 2447 a
376 2397 597 2452 Domine,
639 2409 862 2458 quantum
895 2396 993 2443 fieri
1023 2395 1184 2460 potest,
1226 2411 1306 2460 per
1338 2395 1677 2444 conversionem
1715 2396 1898 2454 amoris,
1938 2397 1990 2445 δι’
2027 2397 2115 2444 hoc
2147 2399 2202 2448 fit
2231 2417 2314 2464 per

328 2477 435 2509 vera
467 2478 522 2508 ex
547 2461 714 2509 Verbo.

399 2545 424 2577 2
432 2543 510 2590 54.
545 2526 820 2574 Informatus
845 2527 943 2575 sum
965 2527 1203 2591 quomodo
1225 2528 1458 2575 Dominus
1480 2526 1694 2592 loquutus
1717 2526 1781 2575 est
1807 2542 1912 2574 cum
1939 2528 2194 2592 ProphetiS,
2233 2547 2313 2594 per

330 2608 445 2659 quos
471 2593 674 2640 Verbum
696 2614 710 2648 3
752 2605 849 2640 ¹'non
872 2594 1087 2656 loquutus
1107 2592 1172 2641 est
1192 2608 1299 2640 cum
1336 2593 1422 2640 illis
1446 2593 1560 2640 ficut
1591 2609 1699 2640 cum
1723 2593 1938 2656 Antiquis
1975 2610 2055 2657 per
2086 2597 2310 2646 influxum

323 2661 379 2707 ÷in
413 2660 618 2707 interiora
654 2673 828 2715 eorum,
869 2658 942 2705 sed
982 2675 1062 2723 per
1097 2658 1272 2722 spiritus
1310 2660 1390 2722 qui
1430 2659 1544 2706 misti
1578 2658 1680 2706 sunt
1711 2658 1768 2705 ad
1792 2658 1909 2716 illos,
1949 2676 2065 2722 quos
2085 2661 2315 2712 Dominus

334 2725 543 2789 implevit
571 2723 649 2772 suo
686 2726 879 2789 aspectu,
920 2740 970 2772 ac
1005 2726 1068 2772 ita
1106 2723 1334 2788 inspiravit
1354 2725 1490 2772 verba
1512 2739 1617 2788 quae
1640 2724 1877 2788 Prophetis
1909 2724 2150 2782 dietabant,
2169 2727 2239 2789 ,fic
2263 2743 2316 2779 ut

2222 2811 2316 2844 120ss

336 2933 442 2969 rem,
475 2936 500 2961 n
519 2933 529 2961 ε
545 2922 672 2977 9936.
717 2921 855 2972 ‘Quod
877 2923 993 2962 facies
1020 2924 1327 2976 correspondeat
1352 2923 1608 2965 interioribus
1628 2922 1820 2973 hominis,
1842 2936 1933 2978 quae
1951 2922 2041 2964 sunt
2060 2924 2316 2979 cogitationis

330 2979 377 3020 .&
405 2975 642 3028 affefflonis,
674 2992 730 3019 n:
758 2979 881 3032 1568.
915 2979 1040 3034 2988.
1073 2979 1198 3036 2989.
1222 2981 1350 3035 3631.
1381 2980 1511 3036 4796.
1542 2994 1671 3037 4797.
1705 2981 1841 3034 4800.
1865 2980 1991 3035 5165.
2027 2983 2153 3034 5168.
2183 2984 2311 3039 5695.

339 3035 468 3094 9306.
529 3033 652 3087 Qod
690 3036 811 3076 etiam
838 3036 955 3077 facies
985 3037 1033 3077 ad
1067 3037 1455 3090 correspondentiam
1489 3038 1735 3081 interiorum,
1756 3037 1926 3078 formata
1946 3036 2007 3087 fit,
2040 3052 2095 3079 n:
2117 3052 2228 3096 4791
2265 3041 2314 3089 a,d

337 3094 467 3146 4805.
492 3092 618 3146 5695.
679 3090 801 3146 Qiod
829 3093 922 3134 inde
942 3094 1060 3135 facies
1096 3094 1138 3135 in
1156 3093 1293 3136 Verbo
1323 3093 1518 3150 significet
1548 3096 1754 3143 interiora,
1788 3106 1846 3133 n:
1871 3106 1995 3149 1999.
2029 3109 2160 3152 2434.
2187 3110 2314 3156 3527.

341 3150 469 3203 4066.
492 3164 519 3201 4
550 3150 619 3204 96.
647 3158 649 3160 ’
1532 3174 1537 3176 -

402 3207 479 3262 (tt)
559 3207 634 3247 uod
657 3192 924 3260 spiritus-nihil
943 3210 1085 3262 poffint
1105 3209 1240 3251 videre
1260 3222 1329 3264 per
1346 3209 1553 3255 hominem
1570 3195 1675 3263 quod
1694 3204 1751 3251 est
1771 3207 1813 3250 in
1831 3208 1985 3253 mundo
2004 3209 2084 3253 hoc
2104 3209 2235 3264 solari,
2244 3196 2316 3267 ,sed

343 3265 668 3319 quodpermeos
689 3265 824 3308 occulos
846 3266 1034 3318 viderint,
1070 3267 1182 3310 causa
1209 3280 1269 3310 n:
1290 3266 1416 3310 1880.
