2546 3786
346 261 524 346 176.
659 256 789 319 'DE
842 251 1222 314 COELO
1285 270 1395 331 aa·
1452 249 2035 314 INFERNO.

344 386 454 435 visae
487 383 596 432 -sunt
626 378 912 446 quibusdam,
947 379 998 426 &
1026 375 1392 438 obstupuerunt:
1448 374 1670 422 charitatis
1704 371 1851 421 forma
1889 373 1951 420 est
1990 373 2109 430 talis,
2139 391 2246 439 quae
2278 376 2337 427 acl

345 455 511 501 vivum
533 448 801 513 conspicitur
825 447 870 492 in
887 444 1042 499 Coelo,
1078 440 1204 504 quod
1228 438 1321 503 ipsa
1341 439 1525 490 charitas
1543 441 1600 489 fit
1620 456 1724 503 quae
1747 440 1915 502 effigiat
1938 441 1986 487 &
2010 441 2251 504 effigiatur,
2286 447 2337 493 &

349 519 537 583 quidem
579 515 655 571 fic,
707 525 758 560 ut
795 522 919 558 totus
946 507 1168 571 Angelus,
1221 505 1490 567 cumprimis
1534 504 1683 562 facies,
1726 505 1783 552 fit
1817 505 1938 567 quasi
1985 506 2186 564 charitas,
2232 524 2339 572 quae

350 580 579 632 manifeste
601 581 651 628 δε
673 588 854 641 apparet
884 575 934 624 ὅτ,
969 574 1244 638 percipitur3
1280 585 1385 633 quae
1424 568 1589 628 forma,
1623 587 1737 636 cum·
1771 570 2004 635 spectatur,
2040 573 2103 620 est
2140 574 2339 636 pulchri-

350 650 466 696 tudo
489 645 737 700 ineffabilis,
771 642 966 690 afficiens
990 640 1200 686 charitate
1225 635 1364 699 ipsam
1387 636 1528 683 vitam
1555 637 1721 685 mentis
1740 636 1945 684 intimam
1967 657 1977 685 ε
2014 638 2173 699 verbo,
2221 641 2342 689 sene-

351 715 468 763 scere
508 715 556 760 in
580 711 719 759 Coelo
754 708 816 756 est
846 704 1157 771 juvenescere:
1193 704 1273 766 qui
1313 702 1359 748 in
1394 717 1544 750 amore
1583 703 1630 750 in
1665 702 1923 750 Dominum
1962 705 2009 752 δε
2051 707 2095 752 in
2135 706 2343 756 charitate

351 795 458 842 erga
495 778 759 841 proximum
799 773 1028 830 vixerunt,
1073 770 1179 818 tales
1215 766 1395 825 formae,
1435 767 1508 815 seu
1554 769 1660 816 tales
1706 766 2075 831 pulchritudines,
2122 774 2168 818 in
2213 774 2346 823 altera

354 847 448 892 vita
487 845 638 898 fiunt;
692 856 852 890 omnes
886 838 1060 903 Angeli
1097 836 1207 884 tales
1242 832 1406 884 formae
1442 834 1560 893 sunt,
1609 849 1716 883 cum
1755 834 2065 885 innumerabili
2101 839 2345 898 varietatee,

354 926 412 959 ex
444 909 514 958 his
535 909 740 958 Coelum.
1910 929 1923 934 -

890 1093 1012 1171 De
1064 1089 1551 1170 Immenfitate
1584 1089 1816 1169 Coeli.

354 1319 414 1364 4¹
423 1319 467 1366 5.
650 1297 797 1347 UOD
821 1295 1012 1344 Coelum
1035 1296 1229 1344 Domini
1261 1295 1534 1344 immensum
1559 1294 1630 1352 fit,
1654 1295 1857 1353 ⁴constare
1881 1295 2025 1360 potest
2047 1311 2105 1344 ex
2128 1299 2348 1363 pluribus,

499 1298 661 1468 Q
685 1379 790 1428 quae
829 1363 875 1410 in
910 1362 1278 1419 ,antecedentibus
1314 1363 1434 1410 dieia
1462 1362 1514 1410 ὅτ
1546 1360 1713 1410 ostensa
1736 1361 1854 1420 sunt,
1888 1365 2157 1426 cumprimis
2192 1383 2248 1414 ex
2279 1386 2350 1429 eo,

689 1430 814 1495 quod
840 1430 1028 1477 Coelum
1053 1429 1107 1476 fit
1139 1444 1196 1476 ex
1220 1430 1446 1477 Humano
1476 1444 1652 1492 genere,
1688 1428 1896 1476 videatur
1921 1429 2050 1494 supra
2083 1448 2145 1479 n:
2167 1452 2257 1496 311
2296 1438 2355 1485 ad

359 1514 472 1564 317,
508 1499 556 1546 δε
599 1513 690 1545 non
729 1497 870 1545 modo
910 1511 966 1542 ex
1003 1495 1099 1552 illo,
1139 1495 1264 1559 quod
1303 1496 1415 1542 intra
1438 1494 1685 1543 Ecclesiam
1717 1506 1872 1543 natum
1898 1495 1976 1553 est,
2018 1496 2090 1544 sed
2127 1500 2260 1547 etiam
2296 1517 2352 1551 ex

358 1567 456 1622 illo,
501 1564 625 1628 quod
663 1576 807 1620 extra,
844 1579 906 1609 n:
938 1565 1029 1625 318
1067 1562 1124 1609 ad
1150 1566 1264 1625 328,
1306 1562 1365 1608 ita
1399 1577 1455 1608 ex
1477 1561 1692 1621 omnibus
1720 1578 1747 1608 a
1778 1563 1932 1624 primo
1964 1574 2068 1610 ortu
2102 1563 2236 1628 hujus
2270 1569 2354 1616 tel-

358 1632 489 1688 luris,
519 1633 599 1693 qui
638 1631 691 1677 in·
726 1629 847 1677 bono
872 1629 1096 1674 vixerunt.
1167 1628 1352 1692 Qanta
1375 1627 1641 1684 multitudo,
1663 1627 1902 1674 hominum
1944 1629 1998 1675 in
2027 1631 2233 1679 universo
2267 1634 2354 1684 hoe

361 1708 582 1745 terrarum
626 1695 733 1743 orbe
776 1694 857 1750 est,
907 1692 1096 1757 quisque
1133 1694 1214 1756 qui
1253 1693 1313 1740 de
1348 1692 1570 1749 Partibus,
1606 1692 1888 1755 Regionibus
1922 1695 1972 1750 δε
2011 1695 2186 1757 Regnis
2223 1699 2358 1763 hujus

361 1762 564 1811 Telluris
598 1761 766 1824 aliquid
809 1760 955 1815 novit,
994 1759 1261 1806 concludere
1299 1757 1478 1821 potest;
1517 1758 1597 1820 qui
1636 1758 1862 1806 calculum
1900 1759 2000 1816 init,
2036 1760 2353 1825 deprehendet,

356 1829 495 1893 ⁴quod
524 1826 629 1874 inde
668 1826 722 1872 ad
761 1825 891 1888 plura
932 1823 1070 1871 millia
1102 1824 1344 1871 hominum
1382 1823 1587 1887 quolibet
1621 1824 1693 1870 die
1727 1824 1903 1880 obeant,
1943 1825 2002 1883 ita
2025 1826 2139 1874 intra
2163 1831 2355 1882 Annum

360 1895 418 1942 ad
453 1894 625 1956 aliquot
665 1891 886 1954 myriades
924 1889 996 1937 seu
1034 1889 1271 1947 milliones,
1314 1890 1363 1937 ὅτ.
1407 1890 1492 1937 hoc
1529 1906 1554 1936 a
1592 1890 1752 1953 primis
1793 1890 2089 1953 temporibus,
2129 1898 2357 1958 atquibus

362 1959 696 2007 intercesserunt
734 1958 904 2021 aliquot
943 1956 1086 2003 millia
1122 1972 1363 2016 annorum,
1410 1956 1490 2019 qui
1527 1971 1685 2003 omnes
1723 1955 1834 2020 post'
1859 1957 2037 2018 obitum
2079 1959 2124 2006 in
2165 1961 2355 2012 alterum

362 2026 610 2081 mundum,
657 2025 737 2088 qui
776 2036 964 2071 vocatur
1010 2022 1207 2070 mundus
1249 2022 1500 2086 spiritualis,
1549 2035 1805 2080 venerunt,
1842 2024 1890 2070 δε
1930 2021 2103 2087 jugiter
2152 2029 2355 2079 veniunt.

364 2094 497 2150 Quot
530 2104 679 2139 autem
715 2106 773 2137 ex
810 2091 896 2136 illis
913 2089 1091 2151 *Angeli
1115 2089 1237 2136 Coeli
1273 2087 1376 2135 faeti
1396 2087 1515 2145 *sunt
1543 2089 1594 2136 &
1618 2089 1770 2150 fiunt„
1791 2104 1887 2136 non·
1921 2090 2012 2137 dici
2047 2092 2220 2153 potestss
2269 2095 2357 2144 hoc

365 2158 479 2206 mihi
517 2158 692 2204 dictum
731 2155 810 2211 est,
857 2155 982 2218 quod
1024 2156 1218 2218 antiquis
1255 2153 1824 2219 temporibus-permulti„
1853 2155 1959 2218 quia
2005 2169 2121 2205 tunc
2153 2159 2358 2210 homines

363 2224 548 2271 interius
571 2223 620 2270 &
645 2222 746 2285 plus
769 2221 1048 2285 spiritualiter
1066 2222 1398 2283 cogitaverunt,
1423 2237 1473 2284 ac
1496 2220 1600 2267 inde
1623 2221 1668 2268 in
1691 2220 1862 2267 coelesti
1885 2220 2117 2270 affefflone
2142 2223 2357 2284 fuerunt.;

364 2302 412 2337 at
434 2291 559 2353 quod
585 2289 866 2352 sequentibus
890 2289 1000 2334 aevis
1023 2303 1116 2334 non
1138 2300 1233 2335 tam
1257 2287 1406 2354 multi,
1445 2288 1551 2351 quia
1586 2287 1727 2335 homo
1763 2286 1952 2334 succeffu
1989 2292 2218 2352 temporis·
2235 2305 2359 2341 exte-

368 2357 459 2410 rior
482 2355 623 2402 faetus
641 2354 719 2410 est,
755 2355 804 2401 &5
828 2354 931 2417 plus
956 2353 1208 2401 naturaliter
1231 2354 1369 2417 caepit
1393 2354 1608 2417 cogitare,
1643 2354 1692 2400 δε
1717 2353 1824 2414 inde⁴
1844 2354 1890 2400 in
1913 2353 2101 2414 terrestri
2122 2356 2357 2415 affeffione

368 2423 465 2468 effe.
535 2422 611 2468 Ex
646 2421 713 2467 bis
748 2421 952 2484 primum
986 2418 1182 2468 constare
1216 2418 1388 2484 potest,
1423 2419 1549 2483 quod
1581 2420 1771 2468 Coelum
1803 2435 1865 2467 ex
1894 2419 1995 2471 solis
2033 2421 2191 2471 incolis
2227 2424 2359 2488 hujus

370 2487 540 2535 telluris
573 2503 794 2549 magnum
817 2486 885 2533 fit.
1118 2517 1123 2526 -
1315 2520 1337 2542 .·
1873 2527 1881 2547 ,.
1932 2544 1934 2546 ‚
2062 2523 2065 2526 .
2121 2544 2125 2548 ί
2235 2543 2261 2547 ,Α

435 2553 546 2611 416.
574 2553 720 2611 Quod
744 2552 934 2600 Coelum
959 2551 1151 2614 Dornjni
1175 2552 1446 2600 immensum
1472 2552 1541 2610 fit,
1566 2551 1761 2601 constare
1779 2552 1923 2617 potest
1945 2569 2002 2601 ex
2022 2569 2076 2613 eo
2100 2553 2207 2612 solo,
2231 2556 2358 2617 quod

369 2633 527 2667 omnes
553 2616 744 2665 Infantes
761 2618 851 2665 five
874 2620 991 2666 intra
1006 2617 1096 2665 five
1128 2630 1252 2666 extra
1274 2619 1519 2667 Ecclesiam
1550 2621 1642 2666 nati
1665 2619 1764 2676 sint,
1801 2620 2072 2683 adoptentur
2094 2637 2118 2667 a
2135 2622 2366 2679 Domino,

371 2688 421 2733 ὅτ
457 2685 567 2733 fiant
605 2684 792 2747 Angeli,
835 2699 1035 2748 quorum
1070 2699 1285 2732 numer-us
1326 2685 1382 2732 ad
1415 2696 1622 2748 quartam
1661 2685 1734 2732 seu
1768 2687 1972 2748 quintam
2007 2699 2176 2748 partem
2220 2689 2358 2734 totius

371 2752 559 2798 Generis
593 2749 778 2797 humani
818 2750 864 2797 in
905 2749 1060 2799 tellure
1093 2749 1304 2814 exsurgit.
1376 2750 1521 2811 Quod
1545 2749 1860 2815 ,unusquisque
1888 2751 2056 2808 Infans,
2101 2749 2359 2816 ubicunque

374 2830 502 2864 natus
525 2817 605 2873 est,
641 2817 731 2864 five
752 2818 869 2864 intra
892 2816 1138 2864 Ecclesiam
1163 2816 1254 2864 sive
1284 2828 1408 2877 extra
1431 2816 1580 2874 illam„
1607 2817 1697 2864 sive
1725 2834 1749 2865 a
1777 2817 2032 2881 parentibus
2061 2817 2146 2879 piis
2181 2818 2268 2865 sive
2303 2821 2359 2867 ab

371 2884 543 2944 impiis,
585 2899 691 2930 cum
724 2884 932 2940 moritur,
970 2883 1207 2945 reci-piatur
1230 2899 1255 2930 a
1276 2883 1501 2940 Domino,
1544 2885 1591 2931 δι
1615 2883 1661 2930 in
1684 2884 1827 2932 Coelo
1856 2884 2100 2943 educetur„
2129 2884 2179 2928 ὃς
2202 2882 2356 2932 secun·

377 2947 490 2994 dum
525 2948 751 2994 Divinum
773 2948 998 2996 Ordinem
1022 2949 1233 2996 doceatur
1265 2947 1580 3007 &imbuatur
1609 2947 1916 3010 affectionibus
1941 2946 2062 3002 boni,
2090 2949 2136 2995 δε
2165 2965 2239 3008 per
2263 2951 2357 2998 illas

371 3012 713 3075 cognitionibus
736 3015 846 3070 veri,
885 3014 933 3060 &
957 3012 1060 3061 dein
1087 3013 1199 3060 ficut
1233 3013 1463 3077 perficitur
1485 3015 1780 3078 intelligentia
1811 3016 1862 3063 ὅτ
1895 3013 2115 3075 sapientia,
2152 3015 2358 3064 introdu-

379 3093 503 3126 catur
526 3079 571 3125 in
596 3078 804 3134 Coelum,
848 3080 897 3126 &c
931 3077 1009 3126 fiat
1039 3078 1264 3142 Angelus,
1306 3079 1510 3128 videatur
1544 3080 1673 3144 supra
1704 3095 1882 3143 11:329
1926 3079 1979 3124 ad
2019 3096 2112 3142 345
2136 3101 2160 3139 3.-
2196 3097 2360 3144 quanta

381 3146 531 3207 itaque
563 3144 811 3191 multitudo
836 3145 1121 3208 Angelorum
1142 3146 1264 3192 Coeli
1301 3161 1325 3192 a
1363 3147 1510 3210 prima
1533 3147 1750 3202 creatione
1779 3146 1836 3194 ad
1872 3145 2138 3193 hodiernum
2180 3159 2360 3211 tempus

379 3227 435 3259 ex
460 3211 544 3258 illis
577 3210 677 3259 solis
706 3209 935 3269 exstiterit,
977 3211 1188 3262 concludi
1210 3210 1397 3278 potest..-

2073 3294 2131 3338 4¹
2144 3292 2185 3342 7.
2205 3268 2370 3340 Qiam
