2546 3786
300 285 438 353 ’ΜΞ
612 256 1151 349 ’15“ε’·”(3”“οᾗἱῦ
1204 301 1239 346 ε
1264 305 1305 349 τ
1366 286 1395 347 1
1429 262 1496 349 N
1523 266 1577 348 ‘F
1602 261 1835 350 ΕἿᾈΚΝ
1859 260 1970 348 δῖ’

301 415 456 462 omnia
476 405 627 468 arnae,
662 408 895 460 fivevdi'ca‘}
919 406 1121 476 amorem
1146 404 1549 475 regnantein3·fiye
1581 413 1628 462 id
1663 413 1788 476 quod
1821 413 1951 476 super
1971 409 2124 459 omnia
2138 425 2280 472 amat,

303 479 426 526 idem
465 478 540 525 est.
610 478 822 539 Jucunda
861 478 933 524 illa
971 478 1081 523 sunt'
1106 478 1240 532 varia,
1286 477 1481 523 tdti‘de'r'n
1499 475 1592 525 ἤι’
1615 493 1772 540 genere
1815 490 1929 542 quot
1955 477 2075 525 'sunt
2111 487 2284 526 amores

302 555 554 606 regnantes,
589 542 779 607 proinde
802 555 917 605 quot
940 542 1161 597 homines,
1197 541 1374 605 spiritus
1395 543 1443 589 δι
1469 542 1632 605 angeli,
1667 560 1770 590 nam
1795 546 1924 591 unius
1946 557 2072 603 amor
2096 558 2286 605 regnans

300 625 392 656 non
428 609 491 658 est
527 608 793 656 omnimode
814 607 983 655 'similis
1019 608 1231 670 alterius,
1267 606 1371 653 inde
1407 606 1487 663 est,
1521 608 1647 669 quod
1682 607 1899 673 nusquam
1926 608 2102 672 prorsus
2126 609 2281 655 similis

301 674 435 722 facies
471 675 548 722 uni
587 673 642 720 fit
678 689 784 736 quae
822 673 960 728 alteri,
997 688 1100 720 nam
1123 672 1254 719 facies
1277 672 1340 719 est
1362 673 1515 735 imago
1537 670 1731 735 cujusvis
1753 675 1908 730 animi,
1944 677 1988 722 &
2021 675 2064 720 in
2105 674 2283 721 mundo

302 741 513 803 spirituali
530 739 594 786 est
618 741 772 801 imago
794 737 988 802 cujusvis
1011 739 1175 786 amoris
1199 738 1453 800 regnantis;
1480 737 1684 800 jucunda
1706 736 1899 801 cujusvis
1921 741 1966 786 in
1991 739 2129 803 specie
2151 740 2286 789 etiam

302 806 404 852 sunt
426 805 616 852 infinitae
638 807 874 860 varietatis,
910 821 992 852 nec
1031 805 1163 850 datur
1197 814 1339 850 unum
1373 803 1556 867 alicujus
1573 802 1832 867 jucundum
1856 806 2119 852 omnimode
2144 805 2285 851 limile

299 883 379 917 aut
418 871 539 917 idern
577 885 685 917 cum
722 872 877 928 altero,
913 882 1006 919 tam
1043 886 1148 932 quae
1185 869 1428 917 succedunt
1466 885 1610 916 unum
1646 867 1745 933 post
1778 870 1984 926 alterurn,
2018 886 2154 933 quam
2180 886 2287 933 quae

299 936 435 982 fimul
475 935 575 983 sunt
615 951 759 982 unum
800 952 907 983 cum
946 936 1101 991 altero,
1139 952 1279 982 unum
1306 935 1425 982 idem
1451 951 1558 983 cum
1582 935 1719 982 altero
1743 951 1832 982 non
1858 935 2020 990 datur;
2055 934 2126 982 sed
2153 938 2289 998 usque

300 1002 398 1047 haec
424 998 630 1064 jucunda
668 1002 712 1048 in
751 1001 890 1065 specie
926 1002 1046 1064 apud
1086 1003 1438 1064 unumquemvis
1474 1001 1513 1047 se
1550 999 1747 1048 referunt
1776 1001 1836 1046 ad
1873 997 2141 1063 unumxejus
2163 1018 2287 1047 amo·

301 1082 415 1122 rem,
450 1070 530 1130 qui
564 1067 626 1114 est
668 1082 797 1114 amor
834 1083 1038 1130 regnanS,
1075 1066 1204 1113 illum
1245 1068 1366 1113 enim
1403 1079 1703 1129 componunt,
1738 1066 1788 1113 δε
1812 1066 1869 1112 fic
1896 1081 2038 1112 unum
2070 1081 2176 1112 cum
2211 1068 2290 1114 illo

301 1131 503 1179 faciunt:
553 1133 753 1180 {imiliter
789 1136 942 1188 omnia
969 1131 1174 1194 jucunda
1212 1133 1257 1178 in
1297 1147 1458 1194 genere
1494 1130 1534 1179 fe
1578 1131 1774 1179 referunt
1809 1131 1864 1178 ad
1901 1146 2047 1178 unum
2087 1147 2288 1179 amorem

298 1198 601 1245 universaliter
620 1209 903 1262 regnantem,
938 1199 984 1243 in
1010 1197 1144 1245 Coelo
1169 1196 1225 1243 ad
1250 1199 1476 1246 Amorem
1506 1199 1550 1244 in
1576 1198 1853 1254 Dominum,
1887 1198 1935 1244 δι
1964 1198 2008 1243 in
2032 1194 2212 1245 Inferno
2233 1198 2289 1246 ad

302 1279 505 1311 amorem
531 1263 609 1310 sui.

364 1332 476 1390 487.
514 1330 744 1386 Quaenam
771 1328 817 1376 &
840 1328 987 1391 qualia
1011 1328 1110 1375 sunt
1125 1326 1327 1392 jucunda
1352 1329 1604 1393 spiritualia,
1638 1330 1813 1394 insquae
1834 1339 2071 1376 vertuntur
2085 1327 2291 1394 jucunda

297 1395 512 1441 naturalia
551 1392 751 1456 cujusvis
787 1393 888 1457 post
926 1409 1139 1451 mortem,
1177 1410 1267 1443 non
1304 1396 1482 1444 aliunde
1519 1397 1616 1443 sciri
1655 1395 1802 1460 potest
1840 1410 1979 1458 quam
2020 1411 2075 1442 ex
2114 1394 2298 1458 scientiar

296 1458 820 1522 correspondentiarum3
856 1460 1120 1507 haec'docet
1158 1462 1204 1507 in
1240 1477 1419 1525 genere,
1454 1462 1582 1523 quod
1608 1474 1702 1509 non
1727 1462 1897 1526 aliquid
1921 1461 2114 1508 naturale
2137 1461 2286 1518 detur,

296 1526 371 1571 cui
405 1541 496 1572 non
533 1524 756 1588 spirituale
791 1525 1124 1589 correspondet,
1160 1528 1209 1574 ὅτ
1231 1542 1416 1590 quoque
1439 1528 1574 1576 docet
1597 1529 1642 1574 in
1667 1526 1807 1592 specie
1829 1526 2061 1590 quodnam
2084 1528 2134 1574 ὅτ
2156 1527 2292 1590 quale

297 1590 346 1637 id
369 1591 495 1653 quod
519 1591 867 1655 correspondet·,
901 1604 1178 1655 quapropter
1214 1595 1295 1656 qui
1336 1595 1386 1639 in>v
1420 1593 1492 1640 illa
1526 1593 1706 1640 >scientia
1737 1593 1817 1650 est,
1852 1592 2118 1655 cognoscere
2143 1592 2296 1660 potest

298 1672 350 1702 ac
384 1656 491 1704 scire
519 1657 681 1703 statum
722 1658 852 1704 suum
887 1656 989 1719 post
1026 1669 1241 1712 mortem,
1276 1657 1418 1705 modo
1439 1658 1542 1705 sciat
1565 1658 1697 1706 suurn
1717 1655 1939 1714 amorem,
1974 1659 2023 1705 &
2045 1659 2190 1721 qualis
2207 1658 2290 1705 ille

297 1721 363 1769 est
399 1723 446 1768 in
483 1738 635 1769 amore
678 1721 976 1777 universaliter
1011 1734 1239 1784 regnante,
1274 1724 1329 1769 ad
1353 1738 1490 1785 quem
1512 1739 1671 1771 omnes
1705 1739 1878 1771 amores
1909 1722 1951 1769 se
1986 1721 2200 1780 referunt,
2235 1737 2288 1771 ut

299 1801 413 1834 mox
434 1786 564 1850 supra
585 1787 758 1834 dffium
782 1787 859 1833 est.
929 1787 1017 1834 Sed
1058 1786 1431 1834 amorem-suum
1471 1801 1735 1851 regnantem
1772 1788 1896 1844 scire,
1932 1788 2198 1851 impossibile
2220 1788 2285 1836 est

297 1852 385 1900 illis
407 1854 486 1915 qui
510 1854 556 1899 in
579 1854 731 1899 amore
753 1851 818 1899 sui
842 1851 957 1908 sunt,
993 1853 1099 1915 quia
1121 1864 1273 1899 amant
1293 1851 1384 1909 sua,
1420 1854 1470 1901 ὅτ
1495 1853 1611 1900 mala
1633 1853 1707 1900 sua
1728 1865 1892 1900 vocant
1914 1852 2047 1910 bona,
2081 1870 2130 1900 ac
2153 1854 2288 1901 fimul

294 1915 413 1974 falsa,
449 1933 556 1980 quae
579 1916 746 1978 favent,
783 1919 830 1964 δε
857 1933 935 1981 per
959 1933 1065 1981 quae
1086 1918 1356 1966 confirmant
1379 1917 1452 1966 sua
1475 1919 1606 1976 mala,
1640 1931 1806 1967 vocant
1828 1934 1965 1975 vera,
1999 1931 2045 1965 at
2064 1918 2225 1982 usque,
2252 1919 2288 1967 fi

294 1983 476 2039 volunt,
511 1999 568 2030 ex
587 1983 701 2040 aliis,
736 1984 816 2046 qui
855 1983 1066 2047 sapientes
1103 1984 1219 2040 sunt,
1255 1983 1434 2048 poffunt
1467 1984 1592 2042 scire,
1626 1986 1840 2049 quoniam
1883 1985 1947 2031 illi
1985 1984 2144 2032 vident
2179 2000 2289 2048 quae

296 2063 406 2107 non>
429 2048 547 2111 ipfi3
595 2049 668 2096 sed
707 2049 794 2097 hoe
833 2065 914 2097 nec
954 2050 1008 2097 fit
1044 2050 1166 2113 apud
1203 2050 1320 2107 illos,
1367 2052 1447 2114 qui
1491 2053 1554 2098 ita
1590 2052 1766 2098 inescati
1801 2050 1904 2098 sunt
1935 2051 2081 2098 amori
2117 2050 2199 2106 sui,
2232 2063 2288 2098 ut

297 2114 504 2177 respuant
535 2131 722 2162 onmem
747 2116 998 2162 doCtrinam
1026 2115 1304 2178 sapientium.
1374 2118 1470 2178 Qi
1493 2130 1643 2164 autem
1670 2118 1714 2163 in
1737 2132 1890 2163 amore
1911 2115 2080 2163 coelesti
2103 2115 2221 2172 sunt,
2255 2117 2288 2163 ii

295 2181 521 2243 recipiunt
545 2180 898 2236 inſtruffionern,
935 2196 984 2228 ac
1007 2182 1166 2228 vident
1196 2182 1312 2228 mala
1343 2180 1433 2238 sua,
1468 2183 1520 2243 in,
1547 2198 1654 2245 quae
1688 2183 1796 2239 nati,
1831 2181 1944 2229 dum
1967 2184 2014 2228 in
2037 2182 2111 2228 illa
2131 2181 2284 2229 ferun-

298 2258 392 2301 tur,
426 2262 483 2293 ex
503 2247 637 2303 veris,
673 2247 771 2294 haec
806 2244 927 2294 enim
957 2245 1249 2306 ‚manifestant
1289 2247 1430 2295 mala:
1465 2247 1765 2312 unusquisque
1786 2248 1906 2294 enim
1931 2246 2077 2311 potest
2098 2263 2154 2294 ex
2176 2263 2289 2296 vero

298 2311 428 2375 quod
464 2328 522 2359 ex
557 2313 679 2360 bono
711 2312 792 2369 est,
826 2313 980 2360 videre
1020 2314 1193 2360 malum
1230 2315 1278 2360 ὅτ
1308 2311 1402 2376 ejus
1424 2311 1601 2371 falsum,
1637 2314 1710 2361 sed
1735 2329 1871 2361 nemo
1892 2313 2038 2377 potest
2060 2313 2210 2360 videre
2231 2329 2288 2360 ex

299 2377 422 2425 malo
446 2377 619 2425 bonum
642 2379 692 2425 δε
716 2394 912 2433 verum3
947 2378 1072 2426 causa
1105 2379 1184 2436 est,
1219 2379 1324 2442 quia
1362 2378 1464 2427 falsa
1500 2380 1607 2428 mali
1648 2378 1748 2427 sunt
1785 2380 1996 2435 tenebrae,
2033 2381 2080 2427 δι
2103 2394 2287 2442 quoque

299 2442 647 2506 correspondent
670 2444 756 2491 illis
773 2467 790 2500 ·,
825 2460 959 2507 quare
984 2445 1046 2491 illi
1069 2447 1150 2508 qui
1189 2446 1235 2491 in
1266 2443 1380 2492 fallis
1412 2461 1470 2492 ex
1494 2446 1613 2494 malo
1635 2445 1752 2501 sunt,
1788 2446 1899 2492 ficut
1922 2446 2031 2492 caeci
2055 2445 2172 2502 sunt,
2206 2446 2287 2508 qui

297 2508 391 2566 illa,
425 2524 532 2571 quae
552 2511 598 2556 in
621 2510 720 2557 luce
744 2510 859 2566 sunt,
896 2526 986 2558 non
1013 2511 1185 2566 vident,
1220 2512 1270 2558 &
1294 2527 1475 2574 quoque
1499 2511 1683 2575 fugiunt
1714 2512 1787 2558 illa
1823 2511 1935 2558 ficut
1973 2512 2154 2558 noetuae
2178 2512 2285 2571 (s).-

296 2586 342 2621 at
382 2590 482 2621 vera
520 2591 576 2622 ex
615 2575 737 2623 bono
776 2575 877 2623 sunt
914 2575 1012 2632 lux,
1065 2579 1114 2623 &
1151 2591 1336 2640 quoque
1377 2577 1724 2641 correspondent
1762 2578 1870 2632 luci,
1912 2577 2118 2623 videatur
2156 2576 2290 2639 supra-

295 2655 364 2688 n:
396 2641 486 2689 126
507 2640 565 2687 ad
595 2657 716 2706 134;
752 2657 888 2704 quare
924 2641 1008 2698 illi,
1043 2643 1122 2703 qui
1162 2644 1208 2688 in
1249 2644 1363 2697 veris
1401 2659 1458 2690 ex
1501 2644 1621 2691 bono
1660 2643 1777 2699 sunt,
1812 2643 2016 2690 videntes
2053 2644 2103 2689 δε
2142 2643 2282 2703 aperti

298 2706 444 2753 oculis
484 2704 601 2764 sunt,
646 2723 696 2754 ac
731 2706 984 2754 discernunt
1019 2707 1092 2754 illa
1130 2723 1236 2770 quae
1271 2708 1382 2756 lucis
1419 2711 1470 2757 &
1510 2709 1687 2756 umbrae
1726 2707 1840 2756 sunt.
1910 2709 1966 2755 In·
2002 2709 2067 2755 his
2105 2721 2286 2770 quoque

291 2771 460 2819 datum
483 2771 547 2819 est
569 2788 649 2836 per
669 2774 985 2837 experientiam
1009 2773 1266 2821 confirmari
1289 2795 1303 2828 ς
1337 2776 1483 2838 angeli
1505 2777 1583 2839 qui
1607 2777 1653 2821 in
1677 2775 1808 2822 coelis
1833 2773 1948 2829 sunt,
1983 2775 2033 2821 δε
2056 2773 2209 2818 vident
2233 2775 2283 2820 δε

299 2839 555 2899 percipiunt
576 2839 692 2886 mala
713 2842 762 2888 ὅτ
784 2835 903 2897 falsa,
938 2855 1045 2902 quae
1082 2841 1130 2887 in
1169 2840 1211 2886 se
1248 2841 1483 2903 aliquoties
1520 2841 1784 2903 exsurgunt,
1818 2841 1868 2890 &
1890 2854 2072 2907 quoque
2096 2838 2209 2883 mala
2230 2840 2283 2886 δε

300 2899 406 2948 falsa
426 2905 473 2949 in
495 2903 660 2966 quibus
683 2905 786 2952 sunt
818 2904 1128 2969 spiritus,.qui
1164 2906 1334 2969 alligati
1371 2906 1472 2954 sunt
1510 2906 1691 2954 infernis
1729 2908 1776 2953 in
1817 2906 1992 2953 mundo
2027 2902 2283 2965 spirituum,

2208 2968 2288 3019 sed

349 3073 425 3128 (s)
458 3071 582 3125 Qod
603 3071 806 3115 Tenebrae
833 3076 876 3116 in
891 3076 1036 3119 ,Verbo
1061 3086 1113 3117 ex
1138 3077 1486 3130 correspondentia
1510 3075 1735 3132 significent
1751 3074 1867 3130 falsa,
1898 3087 1944 3112 ae
1963 3073 2092 3113 densae
2111 3074 2282 3116 tenebrae

300 3129 369 3171 feu
396 3128 527 3184 caligo
554 3128 647 3170 falsa
675 3130 789 3179 mali,
821 3134 885 3172 n:
905 3133 1027 3189 1839.
1049 3133 1315 3190 1860.7688.
1340 3147 1467 3192 7711.
1526 3134 1651 3189 Qod
1682 3134 1754 3175 lux
1785 3131 1878 3171 coeli
1913 3129 1958 3171 fit
1989 3130 2116 3185 caligo
2150 3131 2287 3181 malis,

299 3201 357 3228 n:
384 3186 507 3229 1861.
528 3187 656 3242 6832.
679 3185 805 3243 8197.
866 3187 989 3243 Qod
1024 3192 1093 3246 qui
1126 3192 1171 3234 in
1197 3192 1369 3234 infernis
1399 3193 1508 3241 sunt,
1539 3193 1719 3243 dicantur
1739 3186 1815 3229 esse
1836 3189 1877 3228 in
1897 3187 2083 3235 tenebris,
2117 3189 2209 3242 quia
2239 3189 2286 3229 in

300 3242 403 3285 fallis
435 3244 547 3293 mali,
578 3245 628 3286 de
658 3245 819 3299 quibus,
848 3260 903 3288 n:
927 3261 1055 3304 3340.
1075 3249 1206 3303 4418.
1223 3262 1354 3306 4531.
1415 3247 1539 3302 Qod
1562 3241 1682 3291 'Caeci
1715 3246 1756 3289 in
1779 3242 1917 3288 Verbo
1943 3243 2173 3302 significent
2195 3244 2290 3288 illos*

298 3302 367 3356 qui
385 3301 433 3344 in
446 3300 548 3346 falsis
567 3302 673 3356 sunt,
701 3303 743 3360 &
762 3317 846 3348 non
865 3305 1009 3352 volunt
1027 3305 1183 3360 instrui,
1212 3321 1243 3353 n
1262 3321 1272 3354 ;
1294 3306 1421 3365 2383.
1440 3308 1568 3364 6990·
2040 3321 2048 3325 '
