2546 3786
603 254 730 317 Da
767 240 1173 317 conto}
1219 202 1314 314 ετ
1368 240 1960 315 ΙΝἙΕΒΝα
2137 269 2306 337 217„

285 379 454 438 existit,
490 380 617 446 quod
653 374 795 430 horno
816 380 896 428 vix
912 379 1021 428 sciar
1043 376 1118 425 sua
1142 377 1363 436 interiora,
1398 379 1447 427 δε
1471 394 1654 442 quoque
1676 378 1801 442 quod
1827 393 1916 427 non
1949 375 2276 426 animadvertat

289 448 346 494 ad
371 447 456 494 illa.
868 454 875 469 ³
1368 492 1370 494 ,
1436 448 1439 451 ’
1686 454 1687 460 ’
1719 454 1722 457 “
2014 460 2019 463 ’

355 530 467 578 493.
504 511 686 559 Primus
722 511 854 566 status
892 507 1087 556 hominis
1119 509 1218 572 post
1249 522 1443 558 mortem
1474 510 1536 557 est
1561 509 1712 557 similis
1735 507 1830 570 ejus
1852 507 1980 556 statui
2005 509 2050 555 in
2076 510 2273 567 mundo,

288 582 397 641 quia
433 580 542 626 tunc
582 580 628 625 in
672 574 861 639 extemis
898 574 1101 622 'similiter
1132 576 1230 631 est3
1267 575 1397 624 simili
1421 577 1553 623 etiam
1580 572 1689 623 facie
1712 575 1791 631 est,
1828 574 1962 622 fimili
1996 574 2189 637 loquela,
2222 575 2276 622 δε

293 645 427 692 fimili
450 645 621 700 animo,
644 642 713 694 *fta
751 639 883 686 simili
921 643 1013 688 vita
1052 641 1209 688 morali
1250 643 1300 689 &
1337 642 1495 696 civili,
1543 642 1646 688 inde
1682 641 1761 698 est,
1796 640 1922 704 quod
1961 641 1999 686 is
2037 652 2147 688 tunc
2185 657 2277 687 non

293 711 416 758 aliter
456 710 578 766 scia&
607 710 747 768 quam
782 706 909 768 quod
947 707 1095 754 adhuc
1134 709 1180 754 in
1221 708 1398 755 mundo
1440 708 1508 764 fit,
1545 707 1573 754 si
1602 724 1692 755 non
1717 707 1910 754 advertit
1933 707 1988 753 ad
2013 706 2090 753 illa
2110 721 2216 769 quae
2238 707 2279 752 ei

293 777 428 823 obvia
459 772 659 828 suffis'&
684 769 738 819 ad
763 772 838 819 illa
857 787 964 834 quae
983 773 1023 820 ei
1045 773 1103 820 ab
1125 773 1316 836 Angelis
1354 789 1462 831 cum
1503 772 1804 830 exsuscitatus,
1840 772 1960 819 dicta
1994 772 2111 828 sunt,
2146 772 2277 836 quod

296 836 610 902 nunc³spiritus
629 837 701 896 fit,
738 854 767 885 n
788 856 800 887 ε
824 854 937 902 450.
988 839 1055 886 Ita
1077 840 1368 887 continuatur
1390 855 1479 887 una
1503 840 1595 886 vita
1618 841 1663 886 in
1687 840 1884 896 alteram,
1921 854 1972 886 ac
1991 854 2113 888 mors
2138 836 2281 886 modo

295 904 598 956 est‘tranfitus.

360 988 475 1034 494.
512 971 638 1033 Qia
675 968 852 1033 spiritus
889 967 1083 1016 hominis
1117 984 1266 1017 recens
1303 968 1401 1033 post
1433 970 1576 1017 vitam
1607 969 1653 1015 in
1695 971 1869 1018 mundo
1908 968 2006 1018 talis
2046 969 2126 1027 est,
2179 969 2283 1018 ideo

296 1050 405 1086 tunc
438 1033 724 1099 cognoscitur
761 1034 816 1082 ab
852 1034 1025 1090 ami-cis,
1059 1036 1109 1083 &
1133 1036 1189 1082 ab
1209 1036 1298 1083 illis
1320 1050 1435 1098 quos
1461 1038 1506 1083 in
1531 1035 1707 1082 mundo
1729 1046 1859 1082 notos
1882 1036 2054 1092 habuit,
2072 1084 2074 1086 ,
2089 1036 2135 1083 id
2159 1037 2283 1083 enim

295 1104 473 1167 spiritus
506 1102 762 1165 percipiunt
791 1115 881 1148 non
915 1100 1103 1148 modo-a
1127 1101 1235 1149 facie
1259 1104 1307 1149 δε
1332 1102 1509 1164 loquela
1532 1100 1644 1165 ejus,
1680 1100 1751 1148 sed
1777 1102 1912 1159 etiam
1939 1117 1964 1147 a
1986 1100 2154 1163 sphaera
2172 1103 2287 1148 vitae

296 1168 394 1232 ejus
430 1184 537 1216 cum
579 1167 926 1231 approximant3
962 1166 1262 1231 unusquisque
1300 1170 1346 1215 in
1385 1170 1520 1215 altera
1542 1171 1651 1224 vita,
1687 1166 2013 1229 dumgcogitat
2044 1167 2100 1213 de
2133 1167 2287 1224 altero,

301 1237 437 1283 etiam
463 1233 568 1281 sistit
592 1234 671 1280 fibi
692 1230 786 1296 ejus
810 1230 970 1279 faciem
996 1232 1042 1280 in
1065 1235 1354 1296 cogitatione,
1390 1236 1437 1282 δε
1463 1235 1595 1281 fimul
1618 1234 1749 1298 plura
1780 1249 1884 1296 quae
1917 1230 2011 1296 ejus
2034 1233 2144 1279 vitae
2166 1233 2283 1289 sunt,

300 1304 348 1349 δε
381 1317 488 1348 cum
530 1300 615 1347 hoc
656 1297 779 1356 facit,
815 1299 922 1346 alter
956 1298 1007 1345 fit
1043 1299 1238 1363 praesens.
1269 1300 1380 1347 ficut
1402 1301 1602 1348 *adscitus
1635 1301 1685 1348 ὅτ
1709 1312 1931 1354 vocatus;
1967 1299 2052 1346 tale
2073 1298 2219 1346 existit
2242 1299 2289 1345 in

303 1367 478 1414 mundo
518 1365 733 1430 spirituali
767 1380 824 1412 ex
859 1381 930 1422 cO,
963 1366 1091 1427 quod
1129 1368 1526 1414 communicent-ur
1563 1367 1625 1413 ibi
1662 1367 1971 1429 cogitationes,
2007 1366 2056 1412 δι’
2079 1365 2293 1428 quodibi

301 1433 438 1497 spatia
463 1447 555 1479 non
579 1432 663 1479 {int
683 1430 832 1494 qualia
854 1432 900 1478 in
924 1431 1099 1479 mundo
1123 1433 1326 1489 naturali,
1364 1434 1566 1480 videatur
1590 1431 1769 1495 supran
1790 1450 1800 1478 :
1827 1448 1912 1496 191
1940 1431 1995 1478 ad
2025 1447 2115 1495 199
2136 1453 2152 1486 ·,
2188 1430 2294 1477 inde

302 1500 382 1555 est,
417 1498 544 1562 quod
574 1513 756 1555 omnes,
790 1496 903 1544 dum
929 1499 1134 1560 primum
1159 1499 1204 1545 in
1228 1488 1410 1546 alterarn'
1435 1501 1576 1546 vitam
1601 1501 1806 1554 veniunt,
1842 1496 2134 1560 agnoscantur
2158 1513 2182 1543 a
2205 1495 2293 1543 suis

303 1566 476 1621 amicis,
513 1565 732 1627 cognatis,
771 1564 818 1610 &
845 1562 998 1625 aliquo
1023 1563 1166 1611 modo
1189 1566 1324 1620 notiS,
1360 1567 1408 1612 δε
1430 1581 1612 1631 quoque
1647 1565 1772 1627 quod
1809 1564 2049 1626 loquantur
2084 1564 2198 1610 inter
2235 1561 2294 1618 se,

305 1647 356 1678 ac
380 1632 483 1678 dein
507 1629 817 1677 consocientur
839 1627 1086 1675 secundum
1110 1630 1326 1678 amicitias
1350 1633 1394 1676 in
1421 1632 1594 1677 mundo
1614 1649 1624 1678 :
1661 1630 1813 1676 audivi
1844 1629 2027 1693 pluries,
2062 1628 2188 1691 quod
2212 1618 2294 1683 illi,

303 1697 383 1760 qui
420 1707 638 1743 venerunt
676 1710 713 1741 e·
739 1693 931 1750 mundo,
977 1694 1115 1758 gavisi
1152 1694 1256 1753 lint,
1298 1696 1424 1758 quod
1460 1696 1562 1744 suos
1600 1699 1769 1742 amicos
1809 1697 1970 1742 iterum
2007 1694 2208 1749 videant,
2242 1695 2292 1740 δε

299 1763 439 1819 amici
462 1762 651 1809 viciffim
671 1760 797 1823 quod
819 1760 875 1807 ad
897 1759 996 1808 illos
1019 1761 1235 1808 venerint.
1305 1763 1418 1808 Hoc
1453 1777 1698 1809 commune
1735 1761 1814 1814 est,
1849 1760 1973 1824 quod
1996 1757 2172 1824 conjux
2190 1774 2302 1806 con-

301 1826 461 1891 jugem
492 1826 746 1881 conveniat,
782 1826 829 1872 &
855 1826 1226 1888 congratulentur
1247 1825 1289 1874 se
1313 1839 1508 1883 mutuo;
1545 1838 1885 1875 commorantur
1907 1828 2042 1874 etiarn
2072 1841 2179 1882 una,
2223 1824 2303 1873 sed

304 1894 476 1941 diutius
498 1894 547 1940 ὅτ.
572 1891 749 1939 brevius
779 1889 1027 1938 secundum
1052 1892 1391 1941 cohabitationis
1414 1891 1668 1954 jucundum
1693 1893 1737 1940 in
1763 1892 1938 1939 mundo
1958 1913 1972 1947 ;
2008 1904 2053 1938 at
2075 1890 2230 1954 usque,
2267 1891 2302 1938 fi

305 1975 398 2007 non
419 1973 549 2006 amor
572 1974 676 2005 vere
707 1953 971 2020 conjugialis
1009 1961 1091 2005 eos'
1123 1957 1423 2022 conjunxerit,
1458 1961 1536 2023 qui
1559 1974 1687 2007 amor
1709 1958 1774 2008 est
1792 1956 2056 2020 conjunctio
2079 1957 2310 2004 mentium-

311 2041 369 2072 ex
412 2039 564 2072 amore
599 2023 787 2079 coelesti,
831 2023 932 2086 post
970 2024 1241 2087 aliquantam
1280 2028 1687 2074 commorationem
1725 2026 1988 2088 separantur.
2061 2025 2108 2069 Si
2149 2036 2302 2069 autem

314 2102 490 2139 mentes
533 2087 786 2153 conjugum
839 2088 1094 2136 diffiderant
1149 2092 1263 2138 inter
1317 2089 1375 2147 se,
1434 2107 1483 2138 ac
1528 2090 1569 2139 se
1619 2092 1801 2138 interius
1849 2088 2055 2136 aversatae
2101 2087 2301 2143 fuerunt,

313 2167 562 2222 erumpunt
582 2157 627 2203 in
651 2166 822 2218 apertas
856 2155 1126 2213 inimicitias,
1162 2157 1213 2204 ὅτ
1245 2157 1516 2221 quandoque
1553 2159 1665 2204 inter
1703 2156 1745 2204 se
1783 2156 2018 2212 dimicant,
2065 2155 2111 2201 δε
2152 2166 2302 2201 tamen

315 2222 455 2285 usque
493 2238 584 2269 non
624 2219 892 2285 separantur,
926 2221 1187 2285 pri-usquam
1223 2223 1414 2271 alterum
1456 2225 1637 2280 statum,
1669 2223 1731 2270 -de
1762 2237 1856 2286 quo
1884 2222 1934 2269 in
1971 2235 2082 2268 mox
2120 2219 2306 2284 sequen-

313 2288 452 2345 tibus,
490 2290 660 2335 ineunt.

378 2370 493 2419 495.
540 2353 669 2412 Quia
690 2352 783 2399 vita
805 2353 1050 2400 recentium
1071 2353 1310 2418 spirituum
1335 2371 1425 2403 non
1447 2354 1657 2403 abfimilis
1686 2353 1749 2402 est
1772 2344 1881 2402 vitae
1905 2353 2086 2400 illorum
2111 2354 2155 2399 in
2179 2363 2308 2399 natu·
2374 2351 2388 2362 χ

316 2420 392 2467 rali
429 2420 622 2476 mundo,
667 2418 717 2466 δι
741 2419 846 2480 quia
869 2434 960 2466 non
986 2419 1129 2469 sciunt
1151 2421 1319 2485 aliquid
1344 2423 1400 2469 de
1430 2422 1541 2469 statu
1565 2423 1673 2469 vitae
1713 2421 1804 2467 suae
1842 2419 1941 2483 post
1978 2431 2190 2474 mortem,
2225 2433 2308 2464 nec

314 2487 482 2549 aliquid
507 2486 564 2532 de
587 2485 710 2532 coelo
735 2484 783 2531 &
809 2483 998 2542 inferno,
1034 2499 1197 2550 praeter
1218 2503 1325 2551 quae
1346 2504 1402 2535 ex
1424 2485 1546 2534 sensu
1578 2488 1717 2535 literae
1738 2486 1879 2534 Verbi
1912 2486 1962 2533 δε
1998 2485 2104 2532 inde
2137 2483 2308 2548 praedi-

317 2556 490 2600 catione
513 2551 790 2606 didicerunt,
819 2549 922 2598 ideo
963 2552 1205 2618 postquam
1245 2555 1394 2602 mirati
1432 2552 1532 2601 sunt
1571 2553 1699 2617 quod
1741 2554 1787 2601 in
1821 2567 2014 2616 corpore
2045 2551 2153 2607 sint,
2188 2551 2237 2597 &
2260 2551 2306 2595 in

317 2620 445 2665 omni
470 2616 591 2664 sensu
616 2618 659 2663 in
683 2632 777 2679 quo
800 2618 844 2662 in
871 2618 1061 2675 mundo,
1098 2621 1146 2667 &
1169 2620 1294 2682 quod
1329 2619 1489 2667 similia
1512 2620 1712 2676 videant,
1749 2620 1794 2667 in
1819 2618 2089 2666 defiderium
2122 2617 2310 2662 veniunt

320 2684 484 2732 sciendi
521 2683 651 2746 quale
689 2682 751 2728 est
776 2683 983 2741 (Icelum,
1017 2685 1067 2732 ὅτ
1100 2685 1232 2747 quale
1271 2684 1518 2742 infernum,
1549 2701 1605 2734 ac
1628 2685 1847 2740 ubinam;
1882 2699 2019 2747 quare
2059 2683 2113 2728 ab
2152 2682 2308 2728 amicis

323 2750 599 2812 instruuntur
636 2748 693 2794 de
730 2747 844 2794 statu
885 2751 994 2796 vitae
1036 2762 1232 2808 aeternae,
1268 2752 1317 2799 &
1339 2768 1523 2816 quoque
1547 2751 1952 2800 circumducuntur
1974 2749 2029 2795 ad
2054 2749 2172 2795 varia
2194 2748 2310 2801 loca.

317 2815 440 2862 &in
464 2818 581 2862 varia
605 2813 839 2869 consortia,
872 2815 918 2862 ὅτ
959 2816 1145 2878 quidam
1181 2818 1226 2863 in
1265 2818 1484 2875 civitateS,
1518 2817 1567 2864 &
1604 2833 1787 2881 quoque
1823 2817 1872 2862 -in
1908 2815 2060 2862 hortos
2096 2816 2144 2860 &
2185 2828 2310 2877 para-

320 2879 461 2936 disos,
489 2882 758 2990 fplerumque
799 2879 854 2926 ad
895 2882 1149 2944 magnifica,
1185 2885 1400 2946 quoniam
1439 2884 1544 2931 talia
1579 2883 1806 2931 oblectant
1846 2881 2124 2936 externa‚.in
2147 2878 2314 2943 quibus

252 3008 260 3012 W
326 2946 452 2992 sunt:
507 2961 688 2996 eruntur
713 2960 820 2992 tunc
844 2961 923 3008 per
943 2951 1066 2995 vices
1090 2949 1134 2995 in
1162 2948 1254 2996 suas
1277 2951 1590 3012 cogitationes,
1625 2965 1736 3013 quas
1776 2951 1831 2995 de
1874 2947 1985 2994 statu
2024 2945 2114 2993 suae
2148 2946 2312 2991 animae

328 3011 428 3075 post
451 3022 661 3069 mortem,
696 3012 840 3074 deque
878 3014 998 3061 coelo
1038 3014 1086 3061 δε
1125 3015 1183 3061 de
1219 3013 1412 3073 inferno,
1447 3017 1494 3062 in
1514 3018 1610 3063 vita
1630 3015 1830 3078 corporis
1856 3012 2118 3066 habuerunt,
2152 3011 2203 3060 &
2228 3010 2313 3056 hoc

328 3076 544 3140 usque-ad
570 3077 943 3140 indignationem,
979 3080 1103 3143 quod
1127 3079 1194 3127 illi
1217 3081 1321 3128 talia
1342 3080 1520 3143 prorsus
1545 3081 1867 3146 ignoraverint,
1904 3080 1952 3126 &
1977 3092 2160 3140 quoque
2189 3074 2314 3137 quod

329 3142 527 3194 Ecclesia
567 3142 756 3209 ignoret.
823 3144 964 3195 Paene
1001 3160 1162 3195 omnes
1195 3146 1401 3210 cupiunt
1429 3145 1552 3204 scire,
1589 3163 1702 3199 num
1727 3147 1774 3193 in
1797 3144 1971 3193 coelum
1993 3143 2174 3192 venturi
2195 3142 2277 3188 smt
2301 3160 2315 3192 ;

802 3230 807 3237 ¹
1376 3210 1427 3261 E
1451 3227 1476 3260 e
2116 3208 2319 3273 plerique
