2546 3786
297 302 434 367 230
608 228 1142 345 m‘coELo
1198 294 1303 341 m
1361 230 1940 343 INFERNo.

339 495 582 607 ·Qod
651 521 871 581 nemo
939 520 1043 571 ex
1110 489 1528 579 immediata
1586 491 2074 577 Misericordia
2147 491 2224 572 in

428 608 435 614 ’
980 605 1259 689 coelum
1312 602 1576 685 veniat.
1667 650 1669 652 ·
2048 628 2055 634 '

301 827 410 875 521.
444 809 674 986 QUI
705 825 799 858 non
832 806 1034 865 instruffi
1069 805 1171 856 sunt
1203 807 1261 855 de
1283 806 1437 864 Coelo,
1471 806 1522 855 δε
1557 807 1614 856 de
1651 806 1727 854 via
1761 807 1817 857 ad
1841 807 2045 868 Coeium,
2085 823 2184 860 turn
2224 812 2283 860 de

626 879 719 925 vita
742 876 868 924 Coeli
901 874 1021 939 apud
1045 874 1310 930 hominem,
1346 876 1586 937 opinantur
1623 873 1750 937 quod
1791 875 1928 937 recipi
1961 876 2008 922 in
2029 878 2201 926 coelum
2233 879 2289 927 fit

463 984 468 988 ,
633 942 778 997 solum
803 958 859 990 ex
878 940 1204 994 Misericordia,
1240 955 1346 1008 quae
1370 940 1455 987 illis
1477 940 1557 1002 qui
1592 943 1639 987 in
1662 940 1753 987 fide
1786 939 1903 996 sunt,
1939 940 1988 988 δε
2010 955 2094 1004 pro
2124 944 2288 1008 quibus

296 1007 529 1057 Dominus
569 1009 819 1065 intercedit,
862 1008 922 1053 ita
960 1007 1087 1071 quod
1122 1006 1266 1052 solum
1306 1006 1359 1052 sit
1393 1006 1598 1058 adrniffio
1643 1022 1700 1053 ex
1739 1007 1914 1069 gratia;
1973 1006 2288 1072 consequenter

302 1075 427 1138 quod
465 1091 626 1124 omnes
660 1086 957 1138 quotcunque
991 1073 1092 1119 sunt
1126 1071 1330 1119 homines
1364 1071 1518 1119 salvari
1551 1073 1716 1136 poffint
1751 1088 1809 1119 ex
1847 1072 2153 1135 beneplacito·,
2192 1077 2289 1124 imo

301 1142 489 1204 quidam
513 1142 768 1204 opinantur,
804 1139 930 1202 quod
954 1139 1087 1184 etiam
1111 1152 1270 1184 omnes
1294 1137 1338 1182 in
1364 1136 1554 1184 inferno.
1624 1137 1712 1185 Sed
1736 1138 1801 1184 ilii
1825 1153 1915 1185 non
1948 1138 2091 1186 sciunt
2122 1140 2290 1204 aliquid

302 1208 362 1253 de
395 1207 597 1262 homine,
633 1207 759 1269 quod
799 1202 977 1266 prorsus
1012 1202 1110 1251 talis
1146 1203 1201 1250 sit
1237 1201 1379 1265 qualis
1417 1201 1512 1265 ejus
1533 1203 1644 1260 vita,
1680 1205 1729 1251 &
1766 1201 1860 1267 ejus
1894 1206 1987 1251 vita
2023 1204 2165 1267 qualis
2197 1206 2292 1275 ejus

304 1288 447 1327 arnor,
483 1287 574 1318 non
597 1272 741 1317 modo
763 1269 915 1333 quoad
949 1270 1158 1317 interiora
1190 1285 1296 1332 quae
1332 1267 1433 1316 sunt
1455 1269 1699 1317 voluntatis
1721 1269 1770 1316 δε
1795 1270 2044 1318 intellectus
2071 1268 2183 1334 ejuS,
2218 1273 2292 1320 sed

304 1339 438 1385 etiam
469 1337 620 1399 quoad
653 1338 871 1384 exteriora
907 1350 1015 1398 quae
1050 1334 1151 1382 sunt
1177 1336 1380 1399 corporis
1412 1332 1526 1397 ejus,
1561 1337 1609 1383 &
1634 1336 1762 1399 quod
1791 1333 2006 1399 corporea
2039 1334 2205 1395 forma,
2239 1338 2294 1386 sit

302 1401 618 1450 modo-forma
636 1415 832 1458 externa,
867 1403 915 1449 in
937 1418 1025 1465 qua
1056 1403 1266 1449 interiora
1286 1401 1330 1449 se
1351 1401 1507 1451 sistunt
1541 1402 1587 1448 in
1608 1402 1790 1459 effectu,
1824 1403 1874 1450 δε
1899 1404 2001 1450 inde
2022 1403 2149 1467 qu‘od
2172 1415 2295 1452 totus

290 1469 446 1516 'homo
480 1468 532 1515 sit
555 1466 658 1516 suus
689 1484 844 1517 amor:
882 1468 1088 1515 videatur
1120 1466 1250 1532 supra
1283 1483 1343 1515 n:
1367 1469 1496 1531 363³
1538 1483 1619 1516 nec
1653 1468 1814 1525 sciunt,
1850 1469 1978 1532 quod
2002 1484 2167 1532 corpus
2203 1486 2295 1518 non

308 1536 432 1581 vivat
453 1550 513 1580 ex-
531 1533 589 1588 se,
625 1534 698 1582 sed
720 1550 777 1582 ex
799 1534 879 1582 suo
901 1534 1073 1596 spiritu,
1111 1535 1161 1581 δτ-
1185 1534 1313 1598 quod
1337 1534 1513 1597 spiritus
1543 1534 1739 1582 hominis
1761 1534 1815 1582 sit
1849 1535 1940 1598 ipsa
1973 1533 2067 1597 ejus
2100 1535 2295 1591 affectio,

307 1600 357 1647 δε
379 1600 507 1663 quod
530 1600 753 1663 spirituale
784 1603 879 1664 ejus
912 1616 1079 1664 corpus
1111 1616 1203 1647 non
1239 1600 1361 1647 aliud
1391 1600 1444 1647 fit
1467 1616 1607 1663 quam
1629 1601 1827 1649 hominis
1866 1600 2044 1649 affectio
2078 1603 2125 1648 in
2150 1599 2296 1649 forma

307 1666 517 1722 humana,
553 1668 600 1712 in
623 1666 745 1728 quali
765 1669 900 1721 etiam
934 1677 1118 1728 apparet
1139 1665 1242 1728 post
1266 1676 1478 1722 mortem,
1514 1667 1718 1713 videatur
1739 1665 1867 1729 supra
1901 1683 1930 1713 n
1950 1681 1962 1710 ε
1983 1687 2008 1725 4
2016 1684 2075 1731 53
2101 1667 2159 1713 ad
2181 1668 2295 1727 460.

307 1732 458 1792 Haec,
485 1732 704 1794 quamdiu
727 1732 882 1793 ignota
910 1731 1029 1786 sunt,
1063 1731 1205 1777 homo
1238 1730 1392 1777 induci
1427 1730 1573 1793 potest
1610 1731 1805 1786 credere,
1839 1732 1963 1794 quod
1989 1732 2170 1780 salvatio
2202 1749 2297 1780 non

307 1796 362 1844 sit
385 1795 465 1843 nist
487 1812 625 1860 quarn
649 1797 986 1859 Beneplacentia
1002 1797 1187 1851 Divina,
1222 1810 1328 1857 quae
1352 1795 1663 1842 Misericordia
1697 1797 1746 1842 δε
1770 1796 1928 1843 Gratia
1960 1810 2162 1845 vocatur,

379 1877 489 1924 522.
523 1861 613 1908 Sed
633 1860 746 1924 quid
771 1862 937 1909 Divina
967 1860 1276 1908 Misericordia
1307 1862 1510 1924 primum
1548 1861 1750 1908 dicetur:
1797 1862 1968 1909 Divina
1990 1862 2300 1912 Misericordia

304 1926 373 1975 >est
395 1942 507 1991 pur-a
531 1925 841 1975 Misericordia
875 1943 982 1990 erga
1014 1941 1151 1974 omne
1191 1927 1350 1975 Genus
1391 1926 1644 1975 humanum
1683 1926 1740 1974 ad
1779 1927 2040 1976 salvandum
2078 1929 2210 1985 illud,
2246 1931 2298 1978 &t

309 2007 495 2056 quoque
527 1992 589 2040 est
623 1993 839 2040 continua
877 1993 1000 2056 apud
1033 1995 1395 2057 unumquemvis
1434 1992 1687 2051 hominem,
1726 1993 1777 2040 &
1800 1992 2019 2057 nusquam
2060 1993 2116 2040 ab
2147 1994 2301 2058 aliquo

311 2059 495 2115 recedit,
532 2070 809 2122 quapropter
828 2059 1029 2123 quisquis
1053 2058 1206 2108 salvari
1229 2058 1392 2122 potest,
1426 2058 1646 2107 salvatur:
1685 2058 1761 2106 sed
1799 2075 1936 2107 nemo
1965 2059 2118 2107 salvari
2153 2061 2301 2123 potest

312 2124 392 2172 nisi
415 2140 553 2187 quam
586 2140 665 2187 per
687 2126 859 2172 Divina
881 2126 1046 2182 media,
1079 2141 1186 2188 quae
1209 2124 1357 2172 media
1395 2124 1588 2172 revelata
1621 2123 1723 2172 sunt
1753 2140 1779 2173 a
1799 2126 2006 2173 Domino
2040 2125 2087 2172 in
2107 2125 2262 2174 Verbo
2281 2148 2299 2182 ·,

314 2190 487 2237 Divina
511 2190 667 2238 Media
688 2189 790 2238 sunt
811 2207 917 2254 quae
939 2204 1161 2239 vocantur
1186 2192 1355 2238 Divina
1369 2190 1519 2247 Vera;
1560 2191 1659 2237 haec
1700 2191 1864 2239 docent
1897 2191 2137 2254 quomodo
2159 2191 2301 2242 homo

314 2254 518 2303 victurus
551 2254 631 2311 est,
666 2268 719 2304 ut
742 2256 892 2305 salvari
926 2259 1089 2321 poffit2;
1135 2257 1366 2305 Dominus
1400 2272 1479 2320 per
1502 2256 1577 2304 illa
1599 2257 1728 2304 ducit
1750 2257 1984 2305 hominem
2005 2257 2063 2305 ad
2087 2257 2298 2316 Coelum,

314 2320 364 2368 &
388 2337 467 2384 per
489 2321 576 2371 illa-⁷
593 2322 709 2370 indit
737 2323 778 2371 ei
814 2324 955 2372 vitam
993 2323 1137 2379 coeli;
1181 2323 1268 2370 hoc
1290 2321 1399 2370 facit
1422 2323 1650 2370 Dominus
1679 2323 1800 2386 apud
1822 2338 2014 2378 omnes;
2063 2322 2136 2370 sed
2158 2324 2301 2371 vitam

309 2387 424 2434 ‚coeli
449 2388 560 2436 nulli
583 2388 736 2436 indere
758 2390 921 2453 potest,
956 2389 1037 2437 nisi
1057 2390 1139 2453 qui
1172 2389 1362 2437 abstinet
1395 2404 1421 2436 a
1445 2388 1583 2446 malo,
1616 2404 1721 2436 nam
1745 2389 1918 2437 malurn
1941 2387 2120 2445 obstat;
2160 2405 2303 2453 quan·

315 2465 418 2499 tum
442 2454 590 2518 itaque
618 2454 762 2503 homo
783 2455 969 2504 abstinet
1001 2472 1027 2503 a
1050 2454 1187 2513 malo,
1225 2467 1404 2503 tantum
1431 2454 1560 2501 illum
1591 2454 1723 2502 ducit-
1755 2456 1986 2503 Dominus
2020 2470 2101 2518 per
2132 2455 2305 2503 Divina

319 2518 394 2566 sua
432 2521 582 2580 media
618 2537 676 2568 ex
699 2538 809 2585 pura
832 2521 1157 2581 Misericordia,
1196 2523 1244 2570 &
1270 2521 1356 2568 hoc
1397 2520 1453 2568 ab
1494 2518 1683 2569 Infantia
1720 2521 1778 2568 ad
1816 2521 1956 2568 finem
1980 2521 2090 2568 vitae
2127 2518 2223 2585 ejus
2254 2521 2302 2567 in

318 2585 513 2642 mundo,
547 2587 600 2634 ἅτ-
618 2586 771 2650 postea
805 2589 852 2634 in
875 2600 1129 2636 aeternum:
1177 2587 1277 2635 haec
1310 2585 1374 2634 est
1397 2587 1567 2634 Divina
1602 2586 1911 2637 Misericordia
1944 2602 2053 2650 quae
2090 2584 2301 2648 intelligi·

317 2662 424 2698 tur:
461 2652 567 2700 inde
606 2664 743 2715 patet,
782 2654 910 2717 quod
933 2653 1246 2702 Misericordia
1267 2653 1461 2701 Domini
1498 2653 1553 2701 fit
1591 2668 1703 2717 pura
1741 2652 2069 2710 Misericordia,
2104 2651 2178 2700 sed
2210 2665 2303 2698 non

318 2716 602 2774 Immediata,
637 2717 725 2766 hoc
748 2718 828 2778 est,
861 2731 914 2768 ut
935 2719 1160 2768 salventur
1181 2735 1339 2768 omnes
1362 2735 1426 2767 ex·
1442 2718 1736 2783 beneplacito,
1770 2731 2004 2783 utcunque
2021 2721 2233 2767 vixerant.

390 2799 499 2847 523.
537 2784 764 2833 Dominus
784 2784 1004 2849 nusquam
1037 2786 1207 2850 aliquid
1236 2784 1343 2833 facit
1375 2798 1530 2834 contra
1544 2786 1788 2842 Ordinem,
1811 2785 1918 2849 quia
1941 2783 2036 2849 Ipse
2067 2781 2135 2830 est·
2151 2782 2302 2840 Ordo,

317 2847 546 2896 Divinum
568 2850 740 2898 Verum
765 2852 1012 2915 procedens
1031 2869 1058 2909 a
1078 2852 1286 2900 Domino
1305 2851 1369 2899 est
1390 2851 1525 2915 quod,
1539 2849 1644 2899 facit
1666 2851 1910 2908 Ordinem,
1935 2866 1986 2898 ae
2006 2849 2176 2897 Divina
2195 2862 2303 2895 vera

318 2911 424 2959 sunt
446 2914 565 2976 leges
591 2916 794 2975 Ordinis,
835 2916 1081 2966 secundum
1120 2918 1196 2966 has
1233 2918 1362 2965 ducit
1396 2918 1627 2965 Dominus
1661 2917 1894 2966 hominem
1915 2938 1938 2971 3v
1963 2928 2107 2977 >quare
2139 2912 2303 2961 salvare

323 2977 557 3026 hominem
593 2996 650 3027 ex
673 2982 932 3031 immediata
956 2983 1264 3032 Misericordia
1296 2982 1363 3030 est
1396 2995 1551 3031 contra
1572 2983 1799 3032 Divinum
1821 2981 2060 3034 Ordinem,
2099 2978 2151 3026 δε
2173 2979 2301 3042 quod

321 3043 386 3091 est
410 3057 568 3091 contra
590 3045 813 3102 Divinum
832 3049 1077 3106 Ordinem,
1101 3049 1173 3096 est·
1190 3060 1344 3096 contra
1364 3049 1607 3099 Divinum.
1659 3051 1856 3099 Divinus
1870 3044 2087 3093 Ordossest
2109 3045 2301 3092 Coelum

316 3109 446 3172 ,apud
478 3109 729 3167 hominem,
765 3112 899 3160 illurn
922 3127 1192 3178 perverterat
1225 3114 1367 3162 homo
1397 3115 1519 3179 apud
1543 3114 1585 3163 se
1616 3130 1697 3179 per
1723 3115 1861 3161 vitam
1895 3121 2047 3158 contra
2085 3110 2204 3173 leges
2227 3126 2303 3157 or-

319 3175 462 3232 dinis,
495 3192 602 3238 quae
623 3176 739 3227 ,sunt
769 3178 939 3227 Divina
973 3196 1112 3237 vera;
1153 3183 1201 3228 in
1245 3180 1377 3229 illum
1415 3181 1623 3229 ordinem
1660 3177 1886 3226 reducitur
1922 3177 2077 3224 homor
2098 3191 2154 3223 ex
2190 3191 2303 3239 pura

323 3240 639 3296 Misericordia
670 3259 697 3292 a
728 3244 952 3303 Domine,
985 3262 1066 3310 per
1104 3247 1225 3310 leges
1259 3245 1448 3307 ordinis,
1485 3247 1538 3294 &
1572 3254 1794 3308 quantum
1834 3242 2079 3301 reducitur,
2124 3252 2302 3353 tantlum

854 3326 874 3356 1
2129 3321 2206 3356 coe
2225 3320 2306 3354 um
