<?xml version="1.0" encoding="UTF-8"?>
<!DOCTYPE html PUBLIC "-//W3C//DTD XHTML 1.0 Transitional//EN"
    "http://www.w3.org/TR/xhtml1/DTD/xhtml1-transitional.dtd">
<html xmlns="http://www.w3.org/1999/xhtml" xml:lang="en" lang="en">
 <head>
  <title>
</title>
<meta http-equiv="Content-Type" content="text/html;charset=utf-8" />
  <meta name='ocr-system' content='tesseract 3.04.00' />
  <meta name='ocr-capabilities' content='ocr_page ocr_carea ocr_par ocr_line ocrx_word'/>
</head>
<body>
  <div class='ocr_page' id='page_1' title='image "./decoeloetejusmir00swed_0140.png"; bbox 0 0 2546 3786; ppageno 0'>
   <div class='ocr_carea' id='block_1_1' title="bbox 315 269 1998 357">
    <p class='ocr_par' dir='ltr' id='par_1_1' title="bbox 315 269 1998 357">
     <span class='ocr_line' id='line_1_1' title="bbox 315 269 1998 357; baseline 0.001 -21"><span class='ocrx_word' id='word_1_1' title='bbox 315 271 452 357; x_wconf 72' lang='lat'>⁴136</span> <span class='ocrx_word' id='word_1_2' title='bbox 631 276 760 341; x_wconf 77' lang='lat' dir='ltr'>Da</span> <span class='ocrx_word' id='word_1_3' title='bbox 806 269 1195 335; x_wconf 80' lang='lat' dir='ltr'>COELO</span> <span class='ocrx_word' id='word_1_4' title='bbox 1255 290 1364 337; x_wconf 70' lang='lat' dir='ltr'>nr</span> <span class='ocrx_word' id='word_1_5' title='bbox 1422 270 1998 354; x_wconf 84' lang='lat' dir='ltr'>INFERNO.</span> 
     </span>
    </p>
   </div>
   <div class='ocr_carea' id='block_1_2' title="bbox 303 393 2324 3348">
    <p class='ocr_par' dir='ltr' id='par_1_2' title="bbox 320 393 2301 660">
     <span class='ocr_line' id='line_1_2' title="bbox 320 393 2300 460; baseline -0.002 -13"><span class='ocrx_word' id='word_1_6' title='bbox 320 399 533 447; x_wconf 72' lang='lat' dir='ltr'>(listinffis</span> <span class='ocrx_word' id='word_1_7' title='bbox 575 399 618 445; x_wconf 86' lang='lat' dir='ltr'>in</span> <span class='ocrx_word' id='word_1_8' title='bbox 660 399 776 445; x_wconf 84' lang='lat' dir='ltr'>ideas</span> <span class='ocrx_word' id='word_1_9' title='bbox 811 396 1156 460; x_wconf 83' lang='lat' dir='ltr'>cogitationum,</span> <span class='ocrx_word' id='word_1_10' title='bbox 1196 394 1258 443; x_wconf 87' lang='lat' dir='ltr'>ast</span> <span class='ocrx_word' id='word_1_11' title='bbox 1281 395 1407 444; x_wconf 88' lang='lat' dir='ltr'>brevi</span> <span class='ocrx_word' id='word_1_12' title='bbox 1444 397 1491 444; x_wconf 89' lang='lat' dir='ltr'>in</span> <span class='ocrx_word' id='word_1_13' title='bbox 1530 395 1606 443; x_wconf 85' lang='lat' dir='ltr'>has</span> <span class='ocrx_word' id='word_1_14' title='bbox 1629 412 1813 459; x_wconf 87' lang='lat' dir='ltr'>quoque</span> <span class='ocrx_word' id='word_1_15' title='bbox 1844 395 2090 451; x_wconf 85' lang='lat' dir='ltr'>initiantur,</span> <span class='ocrx_word' id='word_1_16' title='bbox 2127 393 2176 443; x_wconf 75' lang='grc' dir='ltr'>ὅτ</span> <span class='ocrx_word' id='word_1_17' title='bbox 2205 395 2300 444; x_wconf 73' lang='lat' dir='ltr'>hoe</span> 
     </span>
     <span class='ocr_line' id='line_1_3' title="bbox 322 459 2299 538; baseline -0.001 -28"><span class='ocrx_word' id='word_1_18' title='bbox 322 468 429 529; x_wconf 82' lang='lat' dir='ltr'>quia</span> <span class='ocrx_word' id='word_1_19' title='bbox 453 465 667 512; x_wconf 71' lang='lat' dir='ltr'>exteriora</span> <span class='ocrx_word' id='word_1_20' title='bbox 690 479 843 511; x_wconf 88' lang='lat' dir='ltr'>eorum</span> <span class='ocrx_word' id='word_1_21' title='bbox 870 463 971 510; x_wconf 88' lang='lat' dir='ltr'>sunt</span> <span class='ocrx_word' id='word_1_22' title='bbox 1004 463 1284 538; x_wconf 72' lang='lat' dir='ltr'>homogenea</span> <span class='ocrx_word' id='word_1_23' title='bbox 1322 461 1632 510; x_wconf 83' lang='lat' dir='ltr'>interioribus:</span> <span class='ocrx_word' id='word_1_24' title='bbox 1679 462 1804 525; x_wconf 89' lang='lat' dir='ltr'>quod</span> <span class='ocrx_word' id='word_1_25' title='bbox 1837 461 2014 524; x_wconf 88' lang='lat' dir='ltr'>loquela</span> <span class='ocrx_word' id='word_1_26' title='bbox 2038 459 2299 523; x_wconf 86' lang='lat' dir='ltr'>angelorum</span> 
     </span>
     <span class='ocr_line' id='line_1_4' title="bbox 323 526 2301 592; baseline -0.003 -13"><span class='ocrx_word' id='word_1_27' title='bbox 323 533 433 579; x_wconf 82' lang='lat' dir='ltr'>fluat</span> <span class='ocrx_word' id='word_1_28' title='bbox 455 547 510 578; x_wconf 86' lang='lat' dir='ltr'>ex</span> <span class='ocrx_word' id='word_1_29' title='bbox 533 529 846 578; x_wconf 65' lang='lat' dir='ltr'>affeftionibus</span> <span class='ocrx_word' id='word_1_30' title='bbox 861 529 1094 590; x_wconf 81' lang='lat' dir='ltr'>variegatis</span> <span class='ocrx_word' id='word_1_31' title='bbox 1117 544 1197 592; x_wconf 90' lang='lat' dir='ltr'>per</span> <span class='ocrx_word' id='word_1_32' title='bbox 1219 527 1340 574; x_wconf 84' lang='lat' dir='ltr'>ideas</span> <span class='ocrx_word' id='word_1_33' title='bbox 1369 528 1668 590; x_wconf 85' lang='lat' dir='ltr'>cogitationis,</span> <span class='ocrx_word' id='word_1_34' title='bbox 1703 528 1762 575; x_wconf 85' lang='lat' dir='ltr'>fic</span> <span class='ocrx_word' id='word_1_35' title='bbox 1786 539 1835 574; x_wconf 92' lang='lat' dir='ltr'>ut</span> <span class='ocrx_word' id='word_1_36' title='bbox 1861 526 2033 589; x_wconf 81' lang='lat' dir='ltr'>loquela</span> <span class='ocrx_word' id='word_1_37' title='bbox 2066 543 2223 573; x_wconf 90' lang='lat' dir='ltr'>eorum</span> <span class='ocrx_word' id='word_1_38' title='bbox 2249 527 2301 573; x_wconf 86' lang='lat' dir='ltr'>fit</span> 
     </span>
     <span class='ocr_line' id='line_1_5' title="bbox 323 592 2299 660; baseline -0.002 -18"><span class='ocrx_word' id='word_1_39' title='bbox 323 595 498 660; x_wconf 83' lang='lat' dir='ltr'>prorsus</span> <span class='ocrx_word' id='word_1_40' title='bbox 523 594 766 641; x_wconf 89' lang='lat' dir='ltr'>conformis</span> <span class='ocrx_word' id='word_1_41' title='bbox 791 594 1136 655; x_wconf 86' lang='lat' dir='ltr'>cogitationibus</span> <span class='ocrx_word' id='word_1_42' title='bbox 1160 609 1216 639; x_wconf 88' lang='lat' dir='ltr'>ex</span> <span class='ocrx_word' id='word_1_43' title='bbox 1240 592 1491 649; x_wconf 75' lang='lat' dir='ltr'>affeffione,</span> <span class='ocrx_word' id='word_1_44' title='bbox 1527 593 1731 640; x_wconf 89' lang='lat' dir='ltr'>videatur</span> <span class='ocrx_word' id='word_1_45' title='bbox 1753 593 1879 656; x_wconf 89' lang='lat' dir='ltr'>supra</span> <span class='ocrx_word' id='word_1_46' title='bbox 1902 610 1966 639; x_wconf 88' lang='lat' dir='ltr'>n:</span> <span class='ocrx_word' id='word_1_47' title='bbox 1988 608 2082 655; x_wconf 83' lang='lat'>234</span> <span class='ocrx_word' id='word_1_48' title='bbox 2105 594 2160 639; x_wconf 87' lang='lat' dir='ltr'>ad</span> <span class='ocrx_word' id='word_1_49' title='bbox 2190 608 2247 652; x_wconf 80' lang='lat'>24</span> <span class='ocrx_word' id='word_1_50' title='bbox 2256 609 2299 654; x_wconf 85' lang='lat'>5</span> 
     </span>
    </p>

    <p class='ocr_par' dir='ltr' id='par_1_3' title="bbox 323 657 2307 1314">
     <span class='ocr_line' id='line_1_6' title="bbox 382 657 2301 725; baseline -0.002 -15.981"><span class='ocrx_word' id='word_1_51' title='bbox 382 681 415 725; x_wconf 96' lang='grc'>3</span> <span class='ocrx_word' id='word_1_52' title='bbox 427 678 502 724; x_wconf 84' lang='lat'>32</span> <span class='ocrx_word' id='word_1_53' title='bbox 553 659 747 707; x_wconf 81' lang='lat' dir='ltr'>Infantes</span> <span class='ocrx_word' id='word_1_54' title='bbox 782 660 1036 721; x_wconf 88' lang='lat' dir='ltr'>utptimum</span> <span class='ocrx_word' id='word_1_55' title='bbox 1072 658 1318 706; x_wconf 84' lang='lat' dir='ltr'>exsuscitati</span> <span class='ocrx_word' id='word_1_56' title='bbox 1358 657 1474 714; x_wconf 91' lang='lat' dir='ltr'>sunt,</span> <span class='ocrx_word' id='word_1_57' title='bbox 1521 659 1651 720; x_wconf 80' lang='lat' dir='ltr'>quod</span> <span class='ocrx_word' id='word_1_58' title='bbox 1690 658 1744 705; x_wconf 89' lang='lat' dir='ltr'>fit</span> <span class='ocrx_word' id='word_1_59' title='bbox 1779 658 1925 705; x_wconf 88' lang='lat' dir='ltr'>statim</span> <span class='ocrx_word' id='word_1_60' title='bbox 1965 659 2063 721; x_wconf 86' lang='lat' dir='ltr'>post</span> <span class='ocrx_word' id='word_1_61' title='bbox 2103 658 2301 716; x_wconf 87' lang='lat' dir='ltr'>obitum,</span> 
     </span>
     <span class='ocr_line' id='line_1_7' title="bbox 324 721 2305 787; baseline -0.001 -14"><span class='ocrx_word' id='word_1_62' title='bbox 324 726 615 773; x_wconf 84' lang='lat' dir='ltr'>auferuntur</span> <span class='ocrx_word' id='word_1_63' title='bbox 608 743 651 771; x_wconf 78' lang='lat' dir='ltr'>in</span> <span class='ocrx_word' id='word_1_64' title='bbox 675 726 868 780; x_wconf 87' lang='lat' dir='ltr'>coelum,</span> <span class='ocrx_word' id='word_1_65' title='bbox 891 726 940 772; x_wconf 75' lang='grc' dir='ltr'>δε</span> <span class='ocrx_word' id='word_1_66' title='bbox 965 725 1202 772; x_wconf 87' lang='lat' dir='ltr'>traduntur</span> <span class='ocrx_word' id='word_1_67' title='bbox 1227 723 1420 786; x_wconf 87' lang='lat' dir='ltr'>Angelis</span> <span class='ocrx_word' id='word_1_68' title='bbox 1441 723 1520 786; x_wconf 90' lang='lat' dir='ltr'>qui</span> <span class='ocrx_word' id='word_1_69' title='bbox 1552 738 1610 769; x_wconf 84' lang='lat' dir='ltr'>ex</span> <span class='ocrx_word' id='word_1_70' title='bbox 1633 721 1736 770; x_wconf 86' lang='lat' dir='ltr'>sexu</span> <span class='ocrx_word' id='word_1_71' title='bbox 1768 721 2011 771; x_wconf 85' lang='lat' dir='ltr'>foeminino</span> <span class='ocrx_word' id='word_1_72' title='bbox 2045 724 2159 781; x_wconf 90' lang='lat' dir='ltr'>sunt,</span> <span class='ocrx_word' id='word_1_73' title='bbox 2198 740 2305 787; x_wconf 79' lang='lat' dir='ltr'>quae</span> 
     </span>
     <span class='ocr_line' id='line_1_8' title="bbox 323 788 2299 854; baseline 0.001 -17"><span class='ocrx_word' id='word_1_74' title='bbox 323 795 368 838; x_wconf 79' lang='lat' dir='ltr'>in</span> <span class='ocrx_word' id='word_1_75' title='bbox 394 794 485 838; x_wconf 89' lang='lat' dir='ltr'>vita</span> <span class='ocrx_word' id='word_1_76' title='bbox 520 792 719 854; x_wconf 89' lang='lat' dir='ltr'>corporis</span> <span class='ocrx_word' id='word_1_77' title='bbox 745 792 809 838; x_wconf 89' lang='lat' dir='ltr'>sui</span> <span class='ocrx_word' id='word_1_78' title='bbox 849 799 997 837; x_wconf 88' lang='lat' dir='ltr'>tenere</span> <span class='ocrx_word' id='word_1_79' title='bbox 1021 802 1283 838; x_wconf 83' lang='lat' dir='ltr'>amaverunt</span> <span class='ocrx_word' id='word_1_80' title='bbox 1323 788 1530 845; x_wconf 83' lang='lat' dir='ltr'>infantes,</span> <span class='ocrx_word' id='word_1_81' title='bbox 1572 789 1620 835; x_wconf 75' lang='grc' dir='ltr'>δε</span> <span class='ocrx_word' id='word_1_82' title='bbox 1656 788 1788 836; x_wconf 77' lang='lat' dir='ltr'>simul</span> <span class='ocrx_word' id='word_1_83' title='bbox 1820 802 2085 838; x_wconf 86' lang='lat' dir='ltr'>amaverunt</span> <span class='ocrx_word' id='word_1_84' title='bbox 2106 792 2299 845; x_wconf 89' lang='lat' dir='ltr'>Deum·‚</span> 
     </span>
     <span class='ocr_line' id='line_1_9' title="bbox 325 851 2303 919; baseline 0.001 -17"><span class='ocrx_word' id='word_1_85' title='bbox 325 858 395 903; x_wconf 81' lang='lat' dir='ltr'>hae</span> <span class='ocrx_word' id='word_1_86' title='bbox 419 858 522 919; x_wconf 88' lang='lat' dir='ltr'>quia</span> <span class='ocrx_word' id='word_1_87' title='bbox 547 858 590 903; x_wconf 89' lang='lat' dir='ltr'>in</span> <span class='ocrx_word' id='word_1_88' title='bbox 617 858 793 905; x_wconf 87' lang='lat' dir='ltr'>mundo</span> <span class='ocrx_word' id='word_1_89' title='bbox 815 873 871 903; x_wconf 87' lang='lat' dir='ltr'>ex</span> <span class='ocrx_word' id='word_1_90' title='bbox 894 857 1188 904; x_wconf 81' lang='lat' dir='ltr'>teneritudine</span> <span class='ocrx_word' id='word_1_91' title='bbox 1215 855 1339 918; x_wconf 79' lang='lat' dir='ltr'>quasi</span> <span class='ocrx_word' id='word_1_92' title='bbox 1374 867 1570 902; x_wconf 88' lang='lat' dir='ltr'>materna</span> <span class='ocrx_word' id='word_1_93' title='bbox 1604 869 1762 901; x_wconf 87' lang='lat' dir='ltr'>omnes</span> <span class='ocrx_word' id='word_1_94' title='bbox 1799 851 2010 902; x_wconf 87' lang='lat' dir='ltr'>infantes</span> <span class='ocrx_word' id='word_1_95' title='bbox 2020 869 2303 913; x_wconf 82' lang='lat' dir='ltr'>amaverunt,</span> 
     </span>
     <span class='ocr_line' id='line_1_10' title="bbox 325 919 2306 985; baseline 0 -16"><span class='ocrx_word' id='word_1_96' title='bbox 325 924 547 985; x_wconf 88' lang='lat' dir='ltr'>recipiunt</span> <span class='ocrx_word' id='word_1_97' title='bbox 578 923 677 970; x_wconf 91' lang='lat' dir='ltr'>illos</span> <span class='ocrx_word' id='word_1_98' title='bbox 696 922 807 970; x_wconf 86' lang='lat' dir='ltr'>ficut</span> <span class='ocrx_word' id='word_1_99' title='bbox 829 923 944 977; x_wconf 82' lang='lat' dir='ltr'>suos,</span> <span class='ocrx_word' id='word_1_100' title='bbox 985 925 1035 970; x_wconf 75' lang='grc' dir='ltr'>δε</span> <span class='ocrx_word' id='word_1_101' title='bbox 1059 921 1248 970; x_wconf 91' lang='lat' dir='ltr'>infantes</span> <span class='ocrx_word' id='word_1_102' title='bbox 1271 937 1454 985; x_wconf 87' lang='lat' dir='ltr'>quoque</span> <span class='ocrx_word' id='word_1_103' title='bbox 1477 936 1533 967; x_wconf 88' lang='lat' dir='ltr'>ex</span> <span class='ocrx_word' id='word_1_104' title='bbox 1556 919 1706 967; x_wconf 91' lang='lat' dir='ltr'>indole</span> <span class='ocrx_word' id='word_1_105' title='bbox 1739 919 1865 967; x_wconf 77' lang='lat' dir='ltr'>insita</span> <span class='ocrx_word' id='word_1_106' title='bbox 1894 933 2065 969; x_wconf 88' lang='lat' dir='ltr'>amant</span> <span class='ocrx_word' id='word_1_107' title='bbox 2073 922 2169 968; x_wconf 89' lang='lat' dir='ltr'>illas</span> <span class='ocrx_word' id='word_1_108' title='bbox 2191 922 2306 969; x_wconf 84' lang='lat' dir='ltr'>ficut</span> 
     </span>
     <span class='ocr_line' id='line_1_11' title="bbox 326 982 2307 1050; baseline 0.001 -16"><span class='ocrx_word' id='word_1_109' title='bbox 326 989 419 1035; x_wconf 85' lang='lat' dir='ltr'>suas</span> <span class='ocrx_word' id='word_1_110' title='bbox 445 1002 634 1037; x_wconf 89' lang='lat' dir='ltr'>matres.</span> <span class='ocrx_word' id='word_1_111' title='bbox 683 989 873 1037; x_wconf 90' lang='lat' dir='ltr'>totidem</span> <span class='ocrx_word' id='word_1_112' title='bbox 911 982 1112 1037; x_wconf 85' lang='lat' dir='ltr'>Infantes</span> <span class='ocrx_word' id='word_1_113' title='bbox 1140 987 1243 1035; x_wconf 80' lang='lat' dir='ltr'>sunt</span> <span class='ocrx_word' id='word_1_114' title='bbox 1278 988 1402 1050; x_wconf 87' lang='lat' dir='ltr'>apud</span> <span class='ocrx_word' id='word_1_115' title='bbox 1440 987 1813 1049; x_wconf 88' lang='lat' dir='ltr'>unumquamvis,</span> <span class='ocrx_word' id='word_1_116' title='bbox 1852 997 1968 1047; x_wconf 91' lang='lat' dir='ltr'>quot</span> <span class='ocrx_word' id='word_1_117' title='bbox 2000 1001 2056 1032; x_wconf 85' lang='lat' dir='ltr'>ex</span> <span class='ocrx_word' id='word_1_118' title='bbox 2094 987 2307 1050; x_wconf 80' lang='lat' dir='ltr'>spirituali</span> 
     </span>
     <span class='ocr_line' id='line_1_12' title="bbox 327 1049 2306 1129; baseline 0.001 -28"><span class='ocrx_word' id='word_1_119' title='bbox 327 1054 475 1129; x_wconf 63' lang='lat' dir='ltr'>storge</span> <span class='ocrx_word' id='word_1_120' title='bbox 497 1055 730 1102; x_wconf 79' lang='lat' dir='ltr'>desiderat.</span> <span class='ocrx_word' id='word_1_121' title='bbox 800 1055 913 1102; x_wconf 91' lang='lat' dir='ltr'>Hoc</span> <span class='ocrx_word' id='word_1_122' title='bbox 937 1055 1126 1101; x_wconf 86' lang='lat' dir='ltr'>Coelum</span> <span class='ocrx_word' id='word_1_123' title='bbox 1163 1065 1342 1115; x_wconf 92' lang='lat' dir='ltr'>apparet</span> <span class='ocrx_word' id='word_1_124' title='bbox 1365 1050 1629 1099; x_wconf 88' lang='lat' dir='ltr'>antrorsum</span> <span class='ocrx_word' id='word_1_125' title='bbox 1650 1068 1674 1098; x_wconf 91' lang='lat' dir='ltr'>e</span> <span class='ocrx_word' id='word_1_126' title='bbox 1711 1052 1892 1114; x_wconf 86' lang='lat' dir='ltr'>regione</span> <span class='ocrx_word' id='word_1_127' title='bbox 1924 1049 2101 1108; x_wconf 83' lang='lat' dir='ltr'>frontis,</span> <span class='ocrx_word' id='word_1_128' title='bbox 2143 1053 2306 1102; x_wconf 68' lang='lat' dir='ltr'>direfte</span> 
     </span>
     <span class='ocr_line' id='line_1_13' title="bbox 326 1115 2303 1181; baseline 0.001 -15"><span class='ocrx_word' id='word_1_129' title='bbox 326 1121 372 1167; x_wconf 87' lang='lat' dir='ltr'>in</span> <span class='ocrx_word' id='word_1_130' title='bbox 412 1120 526 1167; x_wconf 86' lang='lat' dir='ltr'>linea</span> <span class='ocrx_word' id='word_1_131' title='bbox 560 1120 634 1169; x_wconf 92' lang='lat' dir='ltr'>seu</span> <span class='ocrx_word' id='word_1_132' title='bbox 661 1120 808 1176; x_wconf 74' lang='lat' dir='ltr'>radio,</span> <span class='ocrx_word' id='word_1_133' title='bbox 843 1135 937 1181; x_wconf 92' lang='lat' dir='ltr'>quo</span> <span class='ocrx_word' id='word_1_134' title='bbox 978 1119 1125 1181; x_wconf 84' lang='lat' dir='ltr'>angeli</span> <span class='ocrx_word' id='word_1_135' title='bbox 1150 1117 1346 1181; x_wconf 67' lang='lat' dir='ltr'>spectant</span> <span class='ocrx_word' id='word_1_136' title='bbox 1367 1117 1813 1172; x_wconf 76' lang='lat' dir='ltr'>Dominum3s1tus</span> <span class='ocrx_word' id='word_1_137' title='bbox 1837 1115 1957 1163; x_wconf 84' lang='lat' dir='ltr'>illius</span> <span class='ocrx_word' id='word_1_138' title='bbox 1981 1117 2086 1165; x_wconf 83' lang='lat' dir='ltr'>coeli</span> <span class='ocrx_word' id='word_1_139' title='bbox 2129 1118 2189 1165; x_wconf 89' lang='lat' dir='ltr'>ibi</span> <span class='ocrx_word' id='word_1_140' title='bbox 2223 1121 2303 1176; x_wconf 87' lang='lat' dir='ltr'>est,</span> 
     </span>
     <span class='ocr_line' id='line_1_14' title="bbox 325 1181 2306 1285; baseline 0 -53"><span class='ocrx_word' id='word_1_141' title='bbox 325 1187 432 1248; x_wconf 87' lang='lat' dir='ltr'>quia</span> <span class='ocrx_word' id='word_1_142' title='bbox 453 1201 610 1234; x_wconf 88' lang='lat' dir='ltr'>omnes</span> <span class='ocrx_word' id='word_1_143' title='bbox 634 1184 828 1234; x_wconf 83' lang='lat' dir='ltr'>Infantes</span> <span class='ocrx_word' id='word_1_144' title='bbox 852 1185 933 1233; x_wconf 90' lang='lat' dir='ltr'>sub</span> <span class='ocrx_word' id='word_1_145' title='bbox 952 1183 1223 1236; x_wconf 72' lang='lat' dir='ltr'>Immediato</span> <span class='ocrx_word' id='word_1_146' title='bbox 1244 1183 1449 1247; x_wconf 86' lang='lat' dir='ltr'>auspicio</span> <span class='ocrx_word' id='word_1_147' title='bbox 1464 1183 1654 1230; x_wconf 82' lang='lat' dir='ltr'>Domini</span> <span class='ocrx_word' id='word_1_148' title='bbox 1674 1181 1807 1238; x_wconf 84' lang='lat' dir='ltr'>sunt;</span> <span class='ocrx_word' id='word_1_149' title='bbox 1849 1182 1996 1233; x_wconf 87' lang='lat' dir='ltr'>influit</span> <span class='ocrx_word' id='word_1_150' title='bbox 2019 1185 2152 1232; x_wconf 85' lang='lat' dir='ltr'>etiam</span> <span class='ocrx_word' id='word_1_151' title='bbox 2187 1188 2306 1285; x_wconf 86' lang='lat' dir='ltr'>apud</span> 
     </span>
     <span class='ocr_line' id='line_1_15' title="bbox 328 1249 1650 1314; baseline -0.003 -14"><span class='ocrx_word' id='word_1_152' title='bbox 328 1252 426 1300; x_wconf 87' lang='lat' dir='ltr'>illos</span> <span class='ocrx_word' id='word_1_153' title='bbox 451 1253 622 1300; x_wconf 84' lang='lat' dir='ltr'>coelum</span> <span class='ocrx_word' id='word_1_154' title='bbox 647 1252 933 1306; x_wconf 79' lang='lat' dir='ltr'>innocentiae,</span> <span class='ocrx_word' id='word_1_155' title='bbox 965 1250 1092 1314; x_wconf 84' lang='lat' dir='ltr'>quod</span> <span class='ocrx_word' id='word_1_156' title='bbox 1116 1249 1179 1297; x_wconf 89' lang='lat' dir='ltr'>est</span> <span class='ocrx_word' id='word_1_157' title='bbox 1204 1250 1395 1297; x_wconf 87' lang='lat' dir='ltr'>Coelum</span> <span class='ocrx_word' id='word_1_158' title='bbox 1418 1249 1650 1297; x_wconf 83' lang='lat' dir='ltr'>Tertium.</span> 
     </span>
    </p>

    <p class='ocr_par' dir='ltr' id='par_1_4' title="bbox 327 1280 2315 1906">
     <span class='ocr_line' id='line_1_16' title="bbox 383 1280 2310 1381; baseline 0.001 -17.013"><span class='ocrx_word' id='word_1_159' title='bbox 383 1335 504 1381; x_wconf 87' lang='grc'><strong>333.</strong></span> <span class='ocrx_word' id='word_1_160' title='bbox 541 1315 732 1365; x_wconf 75' lang='lat' dir='ltr'>Infantes</span> <span class='ocrx_word' id='word_1_161' title='bbox 773 1315 874 1363; x_wconf 90' lang='lat' dir='ltr'>sunt</span> <span class='ocrx_word' id='word_1_162' title='bbox 897 1315 1069 1364; x_wconf 69' lang='lat' dir='ltr'>diversa</span> <span class='ocrx_word' id='word_1_163' title='bbox 1093 1316 1260 1373; x_wconf 91' lang='lat' dir='ltr'>indole,</span> <span class='ocrx_word' id='word_1_164' title='bbox 1301 1315 1489 1379; x_wconf 87' lang='lat' dir='ltr'>quidam</span> <span class='ocrx_word' id='word_1_165' title='bbox 1531 1316 1633 1363; x_wconf 90' lang='lat' dir='ltr'>sunt</span> <span class='ocrx_word' id='word_1_166' title='bbox 1666 1313 1817 1362; x_wconf 88' lang='lat' dir='ltr'>indole</span> <span class='ocrx_word' id='word_1_167' title='bbox 1850 1331 1939 1378; x_wconf 88' lang='lat' dir='ltr'>qua</span> <span class='ocrx_word' id='word_1_168' title='bbox 1975 1316 2145 1378; x_wconf 88' lang='lat' dir='ltr'>Angeli</span> <span class='ocrx_word' id='word_1_169' title='bbox 2185 1280 2310 1379; x_wconf 77' lang='lat' dir='ltr'>spiri-</span> 
     </span>
     <span class='ocr_line' id='line_1_17' title="bbox 327 1379 2308 1446; baseline 0.001 -16"><span class='ocrx_word' id='word_1_170' title='bbox 327 1385 482 1439; x_wconf 87' lang='lat' dir='ltr'>tuales,</span> <span class='ocrx_word' id='word_1_171' title='bbox 523 1383 710 1446; x_wconf 79' lang='lat' dir='ltr'>quidam</span> <span class='ocrx_word' id='word_1_172' title='bbox 735 1382 886 1430; x_wconf 88' lang='lat' dir='ltr'>indole</span> <span class='ocrx_word' id='word_1_173' title='bbox 920 1398 1010 1445; x_wconf 89' lang='lat' dir='ltr'>qua</span> <span class='ocrx_word' id='word_1_174' title='bbox 1029 1382 1201 1445; x_wconf 91' lang='lat' dir='ltr'>Angeli</span> <span class='ocrx_word' id='word_1_175' title='bbox 1233 1381 1472 1436; x_wconf 72' lang='lat' dir='ltr'>coelestes,</span> <span class='ocrx_word' id='word_1_176' title='bbox 1511 1379 1699 1428; x_wconf 83' lang='lat' dir='ltr'>infantes</span> <span class='ocrx_word' id='word_1_177' title='bbox 1723 1382 1802 1443; x_wconf 89' lang='lat' dir='ltr'>qui</span> <span class='ocrx_word' id='word_1_178' title='bbox 1826 1381 1978 1428; x_wconf 88' lang='lat' dir='ltr'>indole</span> <span class='ocrx_word' id='word_1_179' title='bbox 2000 1382 2170 1430; x_wconf 85' lang='lat' dir='ltr'>coelesti</span> <span class='ocrx_word' id='word_1_180' title='bbox 2191 1382 2308 1440; x_wconf 84' lang='lat' dir='ltr'>sunt,</span> 
     </span>
     <span class='ocr_line' id='line_1_18' title="bbox 327 1417 2311 1523; baseline 0.001 -28"><span class='ocrx_word' id='word_1_181' title='bbox 327 1461 539 1512; x_wconf 85' lang='lat' dir='ltr'>apparent</span> <span class='ocrx_word' id='word_1_182' title='bbox 574 1451 618 1496; x_wconf 87' lang='lat' dir='ltr'>in</span> <span class='ocrx_word' id='word_1_183' title='bbox 643 1448 780 1496; x_wconf 89' lang='lat' dir='ltr'>Coelo</span> <span class='ocrx_word' id='word_1_184' title='bbox 795 1448 881 1497; x_wconf 77' lang='lat' dir='ltr'>illo</span> <span class='ocrx_word' id='word_1_185' title='bbox 903 1449 959 1495; x_wconf 88' lang='lat' dir='ltr'>ad</span> <span class='ocrx_word' id='word_1_186' title='bbox 983 1448 1216 1505; x_wconf 88' lang='lat' dir='ltr'>dextrum,</span> <span class='ocrx_word' id='word_1_187' title='bbox 1244 1447 1324 1511; x_wconf 89' lang='lat' dir='ltr'>qui</span> <span class='ocrx_word' id='word_1_188' title='bbox 1344 1417 1498 1494; x_wconf 86' lang='lat' dir='ltr'>indole</span> <span class='ocrx_word' id='word_1_189' title='bbox 1517 1445 1736 1523; x_wconf 83' lang='lat' dir='ltr'>spirituali</span> <span class='ocrx_word' id='word_1_190' title='bbox 1754 1445 1816 1493; x_wconf 90' lang='lat' dir='ltr'>ad</span> <span class='ocrx_word' id='word_1_191' title='bbox 1840 1445 2105 1498; x_wconf 76' lang='lat' dir='ltr'>sinistrum.</span> <span class='ocrx_word' id='word_1_192' title='bbox 2134 1449 2311 1498; x_wconf 84' lang='lat' dir='ltr'>Omnes</span> 
     </span>
     <span class='ocr_line' id='line_1_19' title="bbox 329 1512 2315 1578; baseline 0.001 -17"><span class='ocrx_word' id='word_1_193' title='bbox 329 1515 552 1562; x_wconf 87' lang='lat' dir='ltr'>infantes</span> <span class='ocrx_word' id='word_1_194' title='bbox 542 1531 587 1564; x_wconf 85' lang='lat' dir='ltr'>m</span> <span class='ocrx_word' id='word_1_195' title='bbox 613 1515 826 1563; x_wconf 77' lang='lat' dir='ltr'>Maximo</span> <span class='ocrx_word' id='word_1_196' title='bbox 845 1516 1053 1562; x_wconf 88' lang='lat' dir='ltr'>Homine</span> <span class='ocrx_word' id='word_1_197' title='bbox 1095 1515 1175 1578; x_wconf 90' lang='lat' dir='ltr'>qui</span> <span class='ocrx_word' id='word_1_198' title='bbox 1213 1513 1277 1561; x_wconf 93' lang='lat' dir='ltr'>est</span> <span class='ocrx_word' id='word_1_199' title='bbox 1298 1514 1507 1570; x_wconf 82' lang='lat' dir='ltr'>Coelum,</span> <span class='ocrx_word' id='word_1_200' title='bbox 1551 1514 1598 1559; x_wconf 91' lang='lat' dir='ltr'>in</span> <span class='ocrx_word' id='word_1_201' title='bbox 1640 1512 1878 1561; x_wconf 87' lang='lat' dir='ltr'>Provincia</span> <span class='ocrx_word' id='word_1_202' title='bbox 1901 1513 2157 1561; x_wconf 87' lang='lat' dir='ltr'>Oculorum</span> <span class='ocrx_word' id='word_1_203' title='bbox 2191 1513 2315 1572; x_wconf 78' lang='lat' dir='ltr'>sunt,</span> 
     </span>
     <span class='ocr_line' id='line_1_20' title="bbox 327 1577 2315 1644; baseline 0.002 -17"><span class='ocrx_word' id='word_1_204' title='bbox 327 1582 374 1628; x_wconf 89' lang='lat' dir='ltr'>in</span> <span class='ocrx_word' id='word_1_205' title='bbox 414 1581 644 1644; x_wconf 73' lang='lat' dir='ltr'>provincia</span> <span class='ocrx_word' id='word_1_206' title='bbox 673 1580 802 1628; x_wconf 84' lang='lat' dir='ltr'>oculi</span> <span class='ocrx_word' id='word_1_207' title='bbox 841 1580 999 1628; x_wconf 84' lang='lat' dir='ltr'>finistri</span> <span class='ocrx_word' id='word_1_208' title='bbox 1028 1583 1110 1643; x_wconf 90' lang='lat' dir='ltr'>qui</span> <span class='ocrx_word' id='word_1_209' title='bbox 1144 1579 1302 1628; x_wconf 82' lang='lat' dir='ltr'>indole</span> <span class='ocrx_word' id='word_1_210' title='bbox 1343 1578 1573 1642; x_wconf 88' lang='lat' dir='ltr'>spirituali</span> <span class='ocrx_word' id='word_1_211' title='bbox 1589 1577 1705 1634; x_wconf 88' lang='lat' dir='ltr'>sunt,</span> <span class='ocrx_word' id='word_1_212' title='bbox 1753 1579 1802 1626; x_wconf 75' lang='grc' dir='ltr'>ὅτ</span> <span class='ocrx_word' id='word_1_213' title='bbox 1839 1578 1884 1625; x_wconf 88' lang='lat' dir='ltr'>in</span> <span class='ocrx_word' id='word_1_214' title='bbox 1919 1581 2164 1643; x_wconf 85' lang='lat' dir='ltr'>provincia</span> <span class='ocrx_word' id='word_1_215' title='bbox 2191 1583 2315 1630; x_wconf 89' lang='lat' dir='ltr'>oculi</span> 
     </span>
     <span class='ocr_line' id='line_1_21' title="bbox 329 1633 2314 1710; baseline 0.001 -17"><span class='ocrx_word' id='word_1_216' title='bbox 329 1633 474 1694; x_wconf 87' lang='lat' dir='ltr'>dextri</span> <span class='ocrx_word' id='word_1_217' title='bbox 513 1648 594 1710; x_wconf 85' lang='lat' dir='ltr'>qui</span> <span class='ocrx_word' id='word_1_218' title='bbox 617 1646 768 1693; x_wconf 90' lang='lat' dir='ltr'>indole</span> <span class='ocrx_word' id='word_1_219' title='bbox 806 1645 1011 1702; x_wconf 84' lang='lat' dir='ltr'>coelesti;</span> <span class='ocrx_word' id='word_1_220' title='bbox 1051 1647 1102 1693; x_wconf 86' lang='lat'>&amp;</span> <span class='ocrx_word' id='word_1_221' title='bbox 1123 1644 1213 1693; x_wconf 87' lang='lat' dir='ltr'>hoc</span> <span class='ocrx_word' id='word_1_222' title='bbox 1245 1660 1302 1693; x_wconf 83' lang='lat' dir='ltr'>ex</span> <span class='ocrx_word' id='word_1_223' title='bbox 1337 1644 1481 1700; x_wconf 79' lang='lat' dir='ltr'>causa,</span> <span class='ocrx_word' id='word_1_224' title='bbox 1522 1645 1630 1707; x_wconf 86' lang='lat' dir='ltr'>quia</span> <span class='ocrx_word' id='word_1_225' title='bbox 1649 1644 1880 1691; x_wconf 86' lang='lat' dir='ltr'>Dominus</span> <span class='ocrx_word' id='word_1_226' title='bbox 1915 1658 2097 1707; x_wconf 85' lang='lat' dir='ltr'>apparet</span> <span class='ocrx_word' id='word_1_227' title='bbox 2119 1649 2314 1710; x_wconf 85' lang='lat' dir='ltr'>Angelis</span> 
     </span>
     <span class='ocr_line' id='line_1_22' title="bbox 329 1709 2312 1775; baseline 0.001 -16"><span class='ocrx_word' id='word_1_228' title='bbox 329 1714 409 1775; x_wconf 82' lang='lat' dir='ltr'>qui</span> <span class='ocrx_word' id='word_1_229' title='bbox 430 1713 476 1759; x_wconf 87' lang='lat' dir='ltr'>in</span> <span class='ocrx_word' id='word_1_230' title='bbox 500 1713 667 1775; x_wconf 88' lang='lat' dir='ltr'>Regno</span> <span class='ocrx_word' id='word_1_231' title='bbox 685 1711 905 1775; x_wconf 85' lang='lat' dir='ltr'>spirituali</span> <span class='ocrx_word' id='word_1_232' title='bbox 942 1710 1043 1760; x_wconf 81' lang='lat' dir='ltr'>sunt</span> <span class='ocrx_word' id='word_1_233' title='bbox 1076 1722 1179 1760; x_wconf 87' lang='lat' dir='ltr'>ante</span> <span class='ocrx_word' id='word_1_234' title='bbox 1208 1710 1396 1759; x_wconf 87' lang='lat' dir='ltr'>oculum</span> <span class='ocrx_word' id='word_1_235' title='bbox 1421 1709 1663 1766; x_wconf 76' lang='lat' dir='ltr'>sinistrum,</span> <span class='ocrx_word' id='word_1_236' title='bbox 1699 1709 1749 1756; x_wconf 78' lang='grc' dir='ltr'>ὅτ</span> <span class='ocrx_word' id='word_1_237' title='bbox 1779 1710 1859 1772; x_wconf 90' lang='lat' dir='ltr'>qui</span> <span class='ocrx_word' id='word_1_238' title='bbox 1893 1709 1939 1756; x_wconf 90' lang='lat' dir='ltr'>in</span> <span class='ocrx_word' id='word_1_239' title='bbox 1959 1711 2125 1773; x_wconf 89' lang='lat' dir='ltr'>Regno</span> <span class='ocrx_word' id='word_1_240' title='bbox 2142 1714 2312 1760; x_wconf 84' lang='lat' dir='ltr'>coelesti</span> 
     </span>
     <span class='ocr_line' id='line_1_23' title="bbox 327 1773 2313 1841; baseline 0.002 -17"><span class='ocrx_word' id='word_1_241' title='bbox 327 1790 427 1825; x_wconf 90' lang='lat' dir='ltr'>ante</span> <span class='ocrx_word' id='word_1_242' title='bbox 449 1778 634 1826; x_wconf 89' lang='lat' dir='ltr'>oculum</span> <span class='ocrx_word' id='word_1_243' title='bbox 659 1777 891 1834; x_wconf 81' lang='lat' dir='ltr'>dextrum,</span> <span class='ocrx_word' id='word_1_244' title='bbox 917 1777 1124 1826; x_wconf 88' lang='lat' dir='ltr'>videatur</span> <span class='ocrx_word' id='word_1_245' title='bbox 1147 1776 1276 1841; x_wconf 89' lang='lat' dir='ltr'>supra</span> <span class='ocrx_word' id='word_1_246' title='bbox 1309 1792 1369 1824; x_wconf 90' lang='lat' dir='ltr'>n·</span> <span class='ocrx_word' id='word_1_247' title='bbox 1395 1793 1414 1825; x_wconf 91' lang='lat'>1</span> <span class='ocrx_word' id='word_1_248' title='bbox 1429 1780 1501 1825; x_wconf 88' lang='lat'>18.</span> <span class='ocrx_word' id='word_1_249' title='bbox 1569 1775 1646 1823; x_wconf 85' lang='lat' dir='ltr'>Ex</span> <span class='ocrx_word' id='word_1_250' title='bbox 1667 1789 1739 1831; x_wconf 91' lang='lat' dir='ltr'>eo,</span> <span class='ocrx_word' id='word_1_251' title='bbox 1762 1774 1888 1837; x_wconf 88' lang='lat' dir='ltr'>quod</span> <span class='ocrx_word' id='word_1_252' title='bbox 1908 1773 2141 1823; x_wconf 85' lang='lat' dir='ltr'>Infantes</span> <span class='ocrx_word' id='word_1_253' title='bbox 2130 1794 2176 1824; x_wconf 78' lang='lat' dir='ltr'>in</span> <span class='ocrx_word' id='word_1_254' title='bbox 2198 1779 2313 1827; x_wconf 89' lang='lat' dir='ltr'>Pro-</span> 
     </span>
     <span class='ocr_line' id='line_1_24' title="bbox 330 1840 2314 1906; baseline 0.002 -17"><span class='ocrx_word' id='word_1_255' title='bbox 330 1844 476 1892; x_wconf 72' lang='lat' dir='ltr'>vlncia</span> <span class='ocrx_word' id='word_1_256' title='bbox 499 1844 744 1891; x_wconf 86' lang='lat' dir='ltr'>oculorum</span> <span class='ocrx_word' id='word_1_257' title='bbox 782 1843 868 1890; x_wconf 80' lang='lat' dir='ltr'>sint</span> <span class='ocrx_word' id='word_1_258' title='bbox 904 1843 952 1890; x_wconf 92' lang='lat' dir='ltr'>in</span> <span class='ocrx_word' id='word_1_259' title='bbox 987 1842 1203 1890; x_wconf 83' lang='lat' dir='ltr'>Maximo</span> <span class='ocrx_word' id='word_1_260' title='bbox 1227 1843 1437 1891; x_wconf 89' lang='lat' dir='ltr'>Homine</span> <span class='ocrx_word' id='word_1_261' title='bbox 1473 1841 1546 1888; x_wconf 87' lang='lat' dir='ltr'>seu</span> <span class='ocrx_word' id='word_1_262' title='bbox 1564 1840 1720 1897; x_wconf 77' lang='lat' dir='ltr'>Coele,</span> <span class='ocrx_word' id='word_1_263' title='bbox 1749 1841 1883 1887; x_wconf 89' lang='lat' dir='ltr'>etiam</span> <span class='ocrx_word' id='word_1_264' title='bbox 1917 1853 2040 1904; x_wconf 87' lang='lat' dir='ltr'>patet</span> <span class='ocrx_word' id='word_1_265' title='bbox 2072 1845 2198 1906; x_wconf 89' lang='lat' dir='ltr'>quod</span> <span class='ocrx_word' id='word_1_266' title='bbox 2236 1845 2314 1893; x_wconf 88' lang='lat' dir='ltr'>In</span> 
     </span>
    </p>

    <p class='ocr_par' dir='ltr' id='par_1_5' title="bbox 303 1906 1646 1971">
     <span class='ocr_line' id='line_1_25' title="bbox 303 1906 1646 1971; baseline 0.001 -19"><span class='ocrx_word' id='word_1_267' title='bbox 303 1950 307 1952; x_wconf 79' lang='grc'>.</span> <span class='ocrx_word' id='word_1_268' title='bbox 329 1908 471 1957; x_wconf 74' lang='lat' dir='ltr'>fantes</span> <span class='ocrx_word' id='word_1_269' title='bbox 505 1909 585 1957; x_wconf 91' lang='lat' dir='ltr'>sub</span> <span class='ocrx_word' id='word_1_270' title='bbox 608 1908 876 1957; x_wconf 87' lang='lat' dir='ltr'>immediato</span> <span class='ocrx_word' id='word_1_271' title='bbox 900 1909 1092 1955; x_wconf 89' lang='lat' dir='ltr'>Domini</span> <span class='ocrx_word' id='word_1_272' title='bbox 1114 1908 1212 1957; x_wconf 89' lang='lat' dir='ltr'>visu</span> <span class='ocrx_word' id='word_1_273' title='bbox 1247 1907 1296 1956; x_wconf 86' lang='lat'>&amp;</span> <span class='ocrx_word' id='word_1_274' title='bbox 1321 1907 1517 1971; x_wconf 88' lang='lat' dir='ltr'>auspicio</span> <span class='ocrx_word' id='word_1_275' title='bbox 1545 1906 1646 1956; x_wconf 89' lang='lat' dir='ltr'>fint.</span> 
     </span>
    </p>

    <p class='ocr_par' dir='ltr' id='par_1_6' title="bbox 326 1972 2321 2633">
     <span class='ocr_line' id='line_1_26' title="bbox 396 1972 2317 2050; baseline 0.001 -27"><span class='ocrx_word' id='word_1_276' title='bbox 396 1992 424 2039; x_wconf 84' lang='grc'>3</span> <span class='ocrx_word' id='word_1_277' title='bbox 433 1991 509 2039; x_wconf 87' lang='lat'>34</span> <span class='ocrx_word' id='word_1_278' title='bbox 547 1974 807 2039; x_wconf 84' lang='lat' dir='ltr'>Qomodo</span> <span class='ocrx_word' id='word_1_279' title='bbox 829 1972 1023 2030; x_wconf 86' lang='lat' dir='ltr'>Infantes</span> <span class='ocrx_word' id='word_1_280' title='bbox 1058 1975 1103 2022; x_wconf 91' lang='lat' dir='ltr'>in</span> <span class='ocrx_word' id='word_1_281' title='bbox 1125 1974 1265 2022; x_wconf 89' lang='lat' dir='ltr'>Coelo</span> <span class='ocrx_word' id='word_1_282' title='bbox 1292 1974 1557 2050; x_wconf 82' lang='lat' dir='ltr'>educantur,</span> <span class='ocrx_word' id='word_1_283' title='bbox 1590 1973 1726 2020; x_wconf 90' lang='lat' dir='ltr'>etiarn</span> <span class='ocrx_word' id='word_1_284' title='bbox 1757 1972 1911 2036; x_wconf 88' lang='lat' dir='ltr'>paucis</span> <span class='ocrx_word' id='word_1_285' title='bbox 1935 1972 2140 2026; x_wconf 87' lang='lat' dir='ltr'>dicetur·</span> <span class='ocrx_word' id='word_1_286' title='bbox 2184 1991 2209 2023; x_wconf 87' lang='lat' dir='ltr'>a</span> <span class='ocrx_word' id='word_1_287' title='bbox 2242 1975 2317 2024; x_wconf 85' lang='lat' dir='ltr'>sua</span> 
     </span>
     <span class='ocr_line' id='line_1_27' title="bbox 329 2038 2316 2104; baseline -0.002 -14"><span class='ocrx_word' id='word_1_288' title='bbox 329 2041 582 2096; x_wconf 87' lang='lat' dir='ltr'>educatrice</span> <span class='ocrx_word' id='word_1_289' title='bbox 614 2040 794 2090; x_wconf 88' lang='lat' dir='ltr'>discunt</span> <span class='ocrx_word' id='word_1_290' title='bbox 815 2041 975 2104; x_wconf 90' lang='lat' dir='ltr'>loqui·</span> <span class='ocrx_word' id='word_1_291' title='bbox 964 2076 978 2097; x_wconf 88' lang='lat'>,</span> <span class='ocrx_word' id='word_1_292' title='bbox 1027 2040 1206 2104; x_wconf 88' lang='lat' dir='ltr'>loquela</span> <span class='ocrx_word' id='word_1_293' title='bbox 1243 2055 1403 2093; x_wconf 88' lang='lat' dir='ltr'>eorum</span> <span class='ocrx_word' id='word_1_294' title='bbox 1438 2040 1585 2102; x_wconf 86' lang='lat' dir='ltr'>prima</span> <span class='ocrx_word' id='word_1_295' title='bbox 1617 2038 1680 2086; x_wconf 91' lang='lat' dir='ltr'>est</span> <span class='ocrx_word' id='word_1_296' title='bbox 1701 2038 1845 2087; x_wconf 88' lang='lat' dir='ltr'>modo</span> <span class='ocrx_word' id='word_1_297' title='bbox 1882 2038 2015 2088; x_wconf 87' lang='lat' dir='ltr'>sonus</span> <span class='ocrx_word' id='word_1_298' title='bbox 2053 2039 2316 2098; x_wconf 70' lang='lat' dir='ltr'>affeffionis,</span> 
     </span>
     <span class='ocr_line' id='line_1_28' title="bbox 330 2103 2320 2183; baseline 0 -28"><span class='ocrx_word' id='word_1_299' title='bbox 330 2108 412 2171; x_wconf 90' lang='lat' dir='ltr'>qui</span> <span class='ocrx_word' id='word_1_300' title='bbox 433 2123 511 2183; x_wconf 84' lang='lat' dir='ltr'>per</span> <span class='ocrx_word' id='word_1_301' title='bbox 533 2107 700 2170; x_wconf 84' lang='lat' dir='ltr'>gradus</span> <span class='ocrx_word' id='word_1_302' title='bbox 720 2106 970 2155; x_wconf 70' lang='lat' dir='ltr'>distinffior</span> <span class='ocrx_word' id='word_1_303' title='bbox 993 2105 1063 2163; x_wconf 91' lang='lat' dir='ltr'>fit,</span> <span class='ocrx_word' id='word_1_304' title='bbox 1104 2105 1216 2153; x_wconf 88' lang='lat' dir='ltr'>ficut</span> <span class='ocrx_word' id='word_1_305' title='bbox 1248 2105 1364 2153; x_wconf 85' lang='lat' dir='ltr'>ideae</span> <span class='ocrx_word' id='word_1_306' title='bbox 1397 2105 1684 2168; x_wconf 90' lang='lat' dir='ltr'>cogitationis</span> <span class='ocrx_word' id='word_1_307' title='bbox 1706 2103 1906 2160; x_wconf 84' lang='lat' dir='ltr'>intrant;</span> <span class='ocrx_word' id='word_1_308' title='bbox 1945 2121 2051 2153; x_wconf 88' lang='lat' dir='ltr'>narn</span> <span class='ocrx_word' id='word_1_309' title='bbox 2085 2105 2200 2154; x_wconf 83' lang='lat' dir='ltr'>ideae</span> <span class='ocrx_word' id='word_1_310' title='bbox 2237 2123 2320 2155; x_wconf 84' lang='lat' dir='ltr'>co-</span> 
     </span>
     <span class='ocr_line' id='line_1_29' title="bbox 335 2169 2319 2246; baseline 0.001 -27"><span class='ocrx_word' id='word_1_311' title='bbox 335 2174 564 2236; x_wconf 87' lang='lat' dir='ltr'>gitationis</span> <span class='ocrx_word' id='word_1_312' title='bbox 600 2189 658 2220; x_wconf 84' lang='lat' dir='ltr'>ex</span> <span class='ocrx_word' id='word_1_313' title='bbox 693 2171 1002 2221; x_wconf 73' lang='lat' dir='ltr'>affeffionibus</span> <span class='ocrx_word' id='word_1_314' title='bbox 1025 2170 1180 2219; x_wconf 88' lang='lat' dir='ltr'>fistunt</span> <span class='ocrx_word' id='word_1_315' title='bbox 1203 2187 1388 2246; x_wconf 81' lang='lat' dir='ltr'>omnem</span> <span class='ocrx_word' id='word_1_316' title='bbox 1413 2169 1639 2235; x_wconf 90' lang='lat' dir='ltr'>loquelam</span> <span class='ocrx_word' id='word_1_317' title='bbox 1663 2170 1952 2233; x_wconf 87' lang='lat' dir='ltr'>Angelicam,</span> <span class='ocrx_word' id='word_1_318' title='bbox 1986 2171 2045 2218; x_wconf 89' lang='lat' dir='ltr'>de</span> <span class='ocrx_word' id='word_1_319' title='bbox 2066 2186 2162 2234; x_wconf 88' lang='lat' dir='ltr'>qua</span> <span class='ocrx_word' id='word_1_320' title='bbox 2178 2186 2225 2220; x_wconf 89' lang='lat' dir='ltr'>re</span> <span class='ocrx_word' id='word_1_321' title='bbox 2249 2175 2319 2220; x_wconf 89' lang='lat' dir='ltr'>vi-</span> 
     </span>
     <span class='ocr_line' id='line_1_30' title="bbox 326 2235 2319 2302; baseline 0.001 -16"><span class='ocrx_word' id='word_1_322' title='bbox 326 2240 526 2286; x_wconf 84' lang='lat' dir='ltr'>deatur</span> <span class='ocrx_word' id='word_1_323' title='bbox 515 2256 562 2286; x_wconf 87' lang='lat' dir='ltr'>m</span> <span class='ocrx_word' id='word_1_324' title='bbox 585 2239 665 2295; x_wconf 88' lang='lat' dir='ltr'>suo</span> <span class='ocrx_word' id='word_1_325' title='bbox 684 2239 896 2287; x_wconf 89' lang='lat' dir='ltr'>Articulo</span> <span class='ocrx_word' id='word_1_326' title='bbox 932 2255 992 2286; x_wconf 89' lang='lat' dir='ltr'>n:</span> <span class='ocrx_word' id='word_1_327' title='bbox 1015 2254 1111 2302; x_wconf 83' lang='lat'>234</span> <span class='ocrx_word' id='word_1_328' title='bbox 1133 2238 1190 2285; x_wconf 93' lang='lat' dir='ltr'>ad</span> <span class='ocrx_word' id='word_1_329' title='bbox 1214 2254 1323 2301; x_wconf 89' lang='lat'><strong>245.</strong></span> <span class='ocrx_word' id='word_1_330' title='bbox 1369 2235 1446 2284; x_wconf 91' lang='lat' dir='ltr'>In</span> <span class='ocrx_word' id='word_1_331' title='bbox 1485 2236 1667 2284; x_wconf 91' lang='lat' dir='ltr'>illorum</span> <span class='ocrx_word' id='word_1_332' title='bbox 1703 2235 1976 2293; x_wconf 65' lang='lat' dir='ltr'>affecsstiones,</span> <span class='ocrx_word' id='word_1_333' title='bbox 2017 2253 2124 2300; x_wconf 84' lang='lat' dir='ltr'>quae</span> <span class='ocrx_word' id='word_1_334' title='bbox 2161 2253 2319 2287; x_wconf 83' lang='lat' dir='ltr'>omnes</span> 
     </span>
     <span class='ocr_line' id='line_1_31' title="bbox 328 2302 2321 2380; baseline 0.001 -28.003"><span class='ocrx_word' id='word_1_335' title='bbox 328 2305 588 2368; x_wconf 89' lang='lat' dir='ltr'>procedunt</span> <span class='ocrx_word' id='word_1_336' title='bbox 625 2306 682 2353; x_wconf 93' lang='lat' dir='ltr'>ab</span> <span class='ocrx_word' id='word_1_337' title='bbox 716 2306 984 2362; x_wconf 89' lang='lat' dir='ltr'>innocentia,</span> <span class='ocrx_word' id='word_1_338' title='bbox 1030 2305 1308 2352; x_wconf 75' lang='lat' dir='ltr'>insinuantur</span> <span class='ocrx_word' id='word_1_339' title='bbox 1342 2303 1544 2380; x_wconf 73' lang='lat' dir='ltr'>primum</span> <span class='ocrx_word' id='word_1_340' title='bbox 1584 2302 1685 2349; x_wconf 86' lang='lat' dir='ltr'>talia</span> <span class='ocrx_word' id='word_1_341' title='bbox 1717 2318 1823 2365; x_wconf 88' lang='lat' dir='ltr'>quae</span> <span class='ocrx_word' id='word_1_342' title='bbox 1855 2314 1955 2350; x_wconf 83' lang='lat' dir='ltr'>ante</span> <span class='ocrx_word' id='word_1_343' title='bbox 1987 2303 2143 2351; x_wconf 91' lang='lat' dir='ltr'>oculos</span> <span class='ocrx_word' id='word_1_344' title='bbox 2178 2320 2321 2368; x_wconf 87' lang='lat' dir='ltr'>appa-</span> 
     </span>
     <span class='ocr_line' id='line_1_32' title="bbox 331 2367 2319 2446; baseline 0 -28"><span class='ocrx_word' id='word_1_345' title='bbox 331 2382 448 2428; x_wconf 89' lang='lat' dir='ltr'>rent,</span> <span class='ocrx_word' id='word_1_346' title='bbox 489 2373 538 2420; x_wconf 90' lang='lat'>&amp;</span> <span class='ocrx_word' id='word_1_347' title='bbox 561 2371 834 2426; x_wconf 70' lang='lat' dir='ltr'>delestabilia</span> <span class='ocrx_word' id='word_1_348' title='bbox 856 2370 990 2427; x_wconf 84' lang='lat' dir='ltr'>sunt;</span> <span class='ocrx_word' id='word_1_349' title='bbox 1030 2386 1137 2434; x_wconf 85' lang='lat' dir='ltr'>quae</span> <span class='ocrx_word' id='word_1_350' title='bbox 1157 2371 1263 2434; x_wconf 88' lang='lat' dir='ltr'>quia</span> <span class='ocrx_word' id='word_1_351' title='bbox 1283 2385 1338 2417; x_wconf 89' lang='lat' dir='ltr'>ex</span> <span class='ocrx_word' id='word_1_352' title='bbox 1356 2370 1530 2446; x_wconf 87' lang='lat' dir='ltr'>origine</span> <span class='ocrx_word' id='word_1_353' title='bbox 1553 2367 1767 2432; x_wconf 90' lang='lat' dir='ltr'>spirituali</span> <span class='ocrx_word' id='word_1_354' title='bbox 1790 2367 1906 2426; x_wconf 88' lang='lat' dir='ltr'>sunt,</span> <span class='ocrx_word' id='word_1_355' title='bbox 1955 2369 2001 2415; x_wconf 92' lang='lat' dir='ltr'>in</span> <span class='ocrx_word' id='word_1_356' title='bbox 2025 2368 2100 2416; x_wconf 89' lang='lat' dir='ltr'>illa</span> <span class='ocrx_word' id='word_1_357' title='bbox 2122 2371 2319 2418; x_wconf 78' lang='lat' dir='ltr'>influunt</span> 
     </span>
     <span class='ocr_line' id='line_1_33' title="bbox 332 2434 2318 2513; baseline 0 -29"><span class='ocrx_word' id='word_1_358' title='bbox 332 2436 464 2484; x_wconf 87' lang='lat' dir='ltr'>fimul</span> <span class='ocrx_word' id='word_1_359' title='bbox 500 2453 606 2500; x_wconf 84' lang='lat' dir='ltr'>quae</span> <span class='ocrx_word' id='word_1_360' title='bbox 625 2438 737 2486; x_wconf 90' lang='lat' dir='ltr'>coeli</span> <span class='ocrx_word' id='word_1_361' title='bbox 765 2436 882 2494; x_wconf 88' lang='lat' dir='ltr'>sunt,</span> <span class='ocrx_word' id='word_1_362' title='bbox 923 2453 1003 2501; x_wconf 89' lang='lat' dir='ltr'>per</span> <span class='ocrx_word' id='word_1_363' title='bbox 1024 2452 1130 2500; x_wconf 87' lang='lat' dir='ltr'>quae</span> <span class='ocrx_word' id='word_1_364' title='bbox 1142 2437 1411 2513; x_wconf 38' lang='lat' dir='ltr'>&#39;aperiuntur</span> <span class='ocrx_word' id='word_1_365' title='bbox 1435 2435 1643 2483; x_wconf 87' lang='lat' dir='ltr'>interiora</span> <span class='ocrx_word' id='word_1_366' title='bbox 1665 2449 1856 2490; x_wconf 88' lang='lat' dir='ltr'>eorum,</span> <span class='ocrx_word' id='word_1_367' title='bbox 1866 2435 1947 2482; x_wconf 80' lang='grc' dir='ltr'>δε</span> <span class='ocrx_word' id='word_1_368' title='bbox 1973 2434 2030 2482; x_wconf 86' lang='lat' dir='ltr'>fic</span> <span class='ocrx_word' id='word_1_369' title='bbox 2054 2436 2194 2484; x_wconf 89' lang='lat' dir='ltr'>indies</span> <span class='ocrx_word' id='word_1_370' title='bbox 2216 2453 2318 2501; x_wconf 87' lang='lat' dir='ltr'>per·</span> 
     </span>
     <span class='ocr_line' id='line_1_34' title="bbox 333 2499 2314 2567; baseline 0.001 -18"><span class='ocrx_word' id='word_1_371' title='bbox 333 2502 582 2559; x_wconf 86' lang='lat' dir='ltr'>ficiuntur,</span> <span class='ocrx_word' id='word_1_372' title='bbox 623 2505 725 2567; x_wconf 88' lang='lat' dir='ltr'>post</span> <span class='ocrx_word' id='word_1_373' title='bbox 745 2516 926 2551; x_wconf 83' lang='lat' dir='ltr'>aetatem</span> <span class='ocrx_word' id='word_1_374' title='bbox 950 2504 1061 2551; x_wconf 87' lang='lat' dir='ltr'>hanc</span> <span class='ocrx_word' id='word_1_375' title='bbox 1085 2504 1281 2566; x_wconf 86' lang='lat' dir='ltr'>primam</span> <span class='ocrx_word' id='word_1_376' title='bbox 1302 2502 1520 2559; x_wconf 72' lang='lat' dir='ltr'>exaCtam,</span> <span class='ocrx_word' id='word_1_377' title='bbox 1557 2499 1916 2549; x_wconf 84' lang='lat' dir='ltr'>transfer-untur</span> <span class='ocrx_word' id='word_1_378' title='bbox 1904 2517 1952 2548; x_wconf 84' lang='lat' dir='ltr'>m</span> <span class='ocrx_word' id='word_1_379' title='bbox 1974 2501 2095 2549; x_wconf 89' lang='lat' dir='ltr'>aliud</span> <span class='ocrx_word' id='word_1_380' title='bbox 2119 2503 2314 2559; x_wconf 87' lang='lat' dir='ltr'>coelum,</span> 
     </span>
     <span class='ocr_line' id='line_1_35' title="bbox 334 2568 1395 2633; baseline 0.002 -18.01"><span class='ocrx_word' id='word_1_381' title='bbox 334 2569 417 2615; x_wconf 86' lang='lat' dir='ltr'>ubi</span> <span class='ocrx_word' id='word_1_382' title='bbox 443 2568 720 2616; x_wconf 88' lang='lat' dir='ltr'>instruuntur</span> <span class='ocrx_word' id='word_1_383' title='bbox 746 2585 770 2616; x_wconf 89' lang='lat' dir='ltr'>a</span> <span class='ocrx_word' id='word_1_384' title='bbox 793 2568 1047 2632; x_wconf 84' lang='lat' dir='ltr'>magistris;</span> <span class='ocrx_word' id='word_1_385' title='bbox 1088 2570 1138 2616; x_wconf 75' lang='grc' dir='ltr'>ὅτ,</span> <span class='ocrx_word' id='word_1_386' title='bbox 1161 2568 1220 2616; x_wconf 87' lang='lat' dir='ltr'>fic</span> <span class='ocrx_word' id='word_1_387' title='bbox 1244 2585 1395 2633; x_wconf 88' lang='lat' dir='ltr'>porro.</span> 
     </span>
    </p>

    <p class='ocr_par' dir='ltr' id='par_1_7' title="bbox 328 2633 2324 3338">
     <span class='ocr_line' id='line_1_36' title="bbox 403 2633 2322 2699; baseline -0.001 -18"><span class='ocrx_word' id='word_1_388' title='bbox 403 2653 461 2698; x_wconf 86' lang='lat'>33</span> <span class='ocrx_word' id='word_1_389' title='bbox 469 2652 512 2697; x_wconf 88' lang='lat'><em>5</em></span> <span class='ocrx_word' id='word_1_390' title='bbox 550 2635 833 2683; x_wconf 85' lang='lat' dir='ltr'>Instruuntur</span> <span class='ocrx_word' id='word_1_391' title='bbox 858 2633 1087 2683; x_wconf 84' lang='lat' dir='ltr'>Infantes</span> <span class='ocrx_word' id='word_1_392' title='bbox 1073 2636 1300 2699; x_wconf 70' lang='lat' dir='ltr'>imprimis</span> <span class='ocrx_word' id='word_1_393' title='bbox 1323 2650 1404 2699; x_wconf 90' lang='lat' dir='ltr'>per</span> <span class='ocrx_word' id='word_1_394' title='bbox 1426 2633 1807 2697; x_wconf 86' lang='lat' dir='ltr'>Repraesentativa</span> <span class='ocrx_word' id='word_1_395' title='bbox 1839 2633 1982 2697; x_wconf 89' lang='lat' dir='ltr'>geniis</span> <span class='ocrx_word' id='word_1_396' title='bbox 2020 2649 2177 2682; x_wconf 87' lang='lat' dir='ltr'>eorum</span> <span class='ocrx_word' id='word_1_397' title='bbox 2201 2633 2322 2681; x_wconf 85' lang='lat' dir='ltr'>adae-</span> 
     </span>
     <span class='ocr_line' id='line_1_37' title="bbox 328 2698 2318 2765; baseline 0.001 -18"><span class='ocrx_word' id='word_1_398' title='bbox 328 2713 485 2763; x_wconf 78' lang='lat' dir='ltr'>-quata,</span> <span class='ocrx_word' id='word_1_399' title='bbox 518 2717 625 2764; x_wconf 87' lang='lat' dir='ltr'>quae</span> <span class='ocrx_word' id='word_1_400' title='bbox 647 2717 786 2765; x_wconf 86' lang='lat' dir='ltr'>quam</span> <span class='ocrx_word' id='word_1_401' title='bbox 810 2700 1014 2764; x_wconf 85' lang='lat' dir='ltr'>pulchra,</span> <span class='ocrx_word' id='word_1_402' title='bbox 1043 2701 1093 2749; x_wconf 73' lang='grc' dir='ltr'>δι</span> <span class='ocrx_word' id='word_1_403' title='bbox 1116 2701 1248 2748; x_wconf 86' lang='lat' dir='ltr'>fimul</span> <span class='ocrx_word' id='word_1_404' title='bbox 1272 2700 1478 2764; x_wconf 86' lang='lat' dir='ltr'>sapientia</span> <span class='ocrx_word' id='word_1_405' title='bbox 1499 2700 1555 2747; x_wconf 91' lang='lat' dir='ltr'>ab</span> <span class='ocrx_word' id='word_1_406' title='bbox 1577 2701 1774 2747; x_wconf 86' lang='lat' dir='ltr'>interiori</span> <span class='ocrx_word' id='word_1_407' title='bbox 1798 2701 1928 2764; x_wconf 89' lang='lat' dir='ltr'>plena</span> <span class='ocrx_word' id='word_1_408' title='bbox 1949 2699 2067 2757; x_wconf 88' lang='lat' dir='ltr'>sunt,</span> <span class='ocrx_word' id='word_1_409' title='bbox 2099 2698 2318 2761; x_wconf 88' lang='lat' dir='ltr'>nusquam</span> 
     </span>
     <span class='ocr_line' id='line_1_38' title="bbox 341 2765 2319 2832; baseline 0.001 -20"><span class='ocrx_word' id='word_1_410' title='bbox 341 2766 502 2829; x_wconf 88' lang='lat' dir='ltr'>aliquis</span> <span class='ocrx_word' id='word_1_411' title='bbox 531 2768 708 2815; x_wconf 89' lang='lat' dir='ltr'>credere</span> <span class='ocrx_word' id='word_1_412' title='bbox 728 2766 909 2832; x_wconf 89' lang='lat' dir='ltr'>potest·,</span> <span class='ocrx_word' id='word_1_413' title='bbox 947 2768 1008 2815; x_wconf 87' lang='lat' dir='ltr'>ita</span> <span class='ocrx_word' id='word_1_414' title='bbox 1040 2767 1128 2814; x_wconf 87' lang='lat' dir='ltr'>illis</span> <span class='ocrx_word' id='word_1_415' title='bbox 1158 2767 1404 2814; x_wconf 77' lang='lat' dir='ltr'>insinuatur</span> <span class='ocrx_word' id='word_1_416' title='bbox 1425 2782 1505 2830; x_wconf 89' lang='lat' dir='ltr'>per</span> <span class='ocrx_word' id='word_1_417' title='bbox 1526 2766 1693 2829; x_wconf 83' lang='lat' dir='ltr'>gradus</span> <span class='ocrx_word' id='word_1_418' title='bbox 1716 2766 2030 2829; x_wconf 88' lang='lat' dir='ltr'>intelligentia,</span> <span class='ocrx_word' id='word_1_419' title='bbox 2066 2780 2173 2828; x_wconf 83' lang='lat' dir='ltr'>quae</span> <span class='ocrx_word' id='word_1_420' title='bbox 2197 2765 2319 2813; x_wconf 89' lang='lat' dir='ltr'>suam</span> 
     </span>
     <span class='ocr_line' id='line_1_39' title="bbox 338 2829 2321 2896; baseline 0.001 -18"><span class='ocrx_word' id='word_1_421' title='bbox 338 2833 540 2879; x_wconf 88' lang='lat' dir='ltr'>animam</span> <span class='ocrx_word' id='word_1_422' title='bbox 563 2834 698 2890; x_wconf 87' lang='lat' dir='ltr'>trahit</span> <span class='ocrx_word' id='word_1_423' title='bbox 721 2851 748 2881; x_wconf 89' lang='lat' dir='ltr'>a</span> <span class='ocrx_word' id='word_1_424' title='bbox 768 2835 920 2889; x_wconf 88' lang='lat' dir='ltr'>bono:</span> <span class='ocrx_word' id='word_1_425' title='bbox 963 2833 1067 2881; x_wconf 88' lang='lat' dir='ltr'>bina</span> <span class='ocrx_word' id='word_1_426' title='bbox 1089 2832 1460 2896; x_wconf 79' lang='lat' dir='ltr'>repraesentativa,</span> <span class='ocrx_word' id='word_1_427' title='bbox 1498 2847 1607 2896; x_wconf 87' lang='lat' dir='ltr'>quae</span> <span class='ocrx_word' id='word_1_428' title='bbox 1638 2833 1792 2881; x_wconf 89' lang='lat' dir='ltr'>videre</span> <span class='ocrx_word' id='word_1_429' title='bbox 1825 2832 1983 2879; x_wconf 88' lang='lat' dir='ltr'>datum</span> <span class='ocrx_word' id='word_1_430' title='bbox 2004 2829 2085 2886; x_wconf 88' lang='lat' dir='ltr'>est,</span> <span class='ocrx_word' id='word_1_431' title='bbox 2120 2830 2224 2879; x_wconf 87' lang='lat' dir='ltr'>licet</span> <span class='ocrx_word' id='word_1_432' title='bbox 2247 2833 2321 2881; x_wconf 88' lang='lat' dir='ltr'>hic</span> 
     </span>
     <span class='ocr_line' id='line_1_40' title="bbox 335 2894 2320 2962; baseline 0.002 -19.008"><span class='ocrx_word' id='word_1_433' title='bbox 335 2896 518 2954; x_wconf 89' lang='lat' dir='ltr'>referre,</span> <span class='ocrx_word' id='word_1_434' title='bbox 563 2915 620 2946; x_wconf 89' lang='lat' dir='ltr'>ex</span> <span class='ocrx_word' id='word_1_435' title='bbox 642 2900 808 2962; x_wconf 90' lang='lat' dir='ltr'>quibus</span> <span class='ocrx_word' id='word_1_436' title='bbox 833 2899 1045 2946; x_wconf 90' lang='lat' dir='ltr'>concludi</span> <span class='ocrx_word' id='word_1_437' title='bbox 1069 2899 1213 2962; x_wconf 90' lang='lat' dir='ltr'>potest</span> <span class='ocrx_word' id='word_1_438' title='bbox 1244 2900 1300 2946; x_wconf 87' lang='lat' dir='ltr'>ad</span> <span class='ocrx_word' id='word_1_439' title='bbox 1323 2899 1505 2962; x_wconf 89' lang='lat' dir='ltr'>reliqua.</span> <span class='ocrx_word' id='word_1_440' title='bbox 1576 2898 1787 2945; x_wconf 89' lang='lat' dir='ltr'>Primum</span> <span class='ocrx_word' id='word_1_441' title='bbox 1828 2894 2196 2960; x_wconf 85' lang='lat' dir='ltr'>repraesentabant</span> <span class='ocrx_word' id='word_1_442' title='bbox 2219 2896 2320 2946; x_wconf 93' lang='lat' dir='ltr'>Do·</span> 
     </span>
     <span class='ocr_line' id='line_1_41' title="bbox 341 2961 2319 3027; baseline 0.001 -18"><span class='ocrx_word' id='word_1_443' title='bbox 341 2962 519 3009; x_wconf 83' lang='lat' dir='ltr'>minum</span> <span class='ocrx_word' id='word_1_444' title='bbox 555 2980 581 3011; x_wconf 92' lang='lat' dir='ltr'>e</span> <span class='ocrx_word' id='word_1_445' title='bbox 604 2964 838 3027; x_wconf 89' lang='lat' dir='ltr'>sepulchro</span> <span class='ocrx_word' id='word_1_446' title='bbox 870 2964 1197 3021; x_wconf 88' lang='lat' dir='ltr'>ascendentem,</span> <span class='ocrx_word' id='word_1_447' title='bbox 1237 2965 1287 3012; x_wconf 85' lang='lat'>&amp;</span> <span class='ocrx_word' id='word_1_448' title='bbox 1322 2964 1454 3010; x_wconf 90' lang='lat' dir='ltr'>fimul</span> <span class='ocrx_word' id='word_1_449' title='bbox 1490 2964 1701 3011; x_wconf 88' lang='lat' dir='ltr'>Humani</span> <span class='ocrx_word' id='word_1_450' title='bbox 1744 2962 1882 3027; x_wconf 84' lang='lat' dir='ltr'>Ipfius</span> <span class='ocrx_word' id='word_1_451' title='bbox 1920 2961 2171 3009; x_wconf 87' lang='lat' dir='ltr'>unitionem</span> <span class='ocrx_word' id='word_1_452' title='bbox 2211 2978 2319 3010; x_wconf 91' lang='lat' dir='ltr'>cum</span> 
     </span>
     <span class='ocr_line' id='line_1_42' title="bbox 343 3026 2320 3093; baseline 0.001 -18"><span class='ocrx_word' id='word_1_453' title='bbox 343 3029 537 3085; x_wconf 85' lang='lat' dir='ltr'>Divino,</span> <span class='ocrx_word' id='word_1_454' title='bbox 570 3031 702 3092; x_wconf 89' lang='lat' dir='ltr'>quod</span> <span class='ocrx_word' id='word_1_455' title='bbox 747 3029 881 3076; x_wconf 88' lang='lat' dir='ltr'>fiebat</span> <span class='ocrx_word' id='word_1_456' title='bbox 915 3030 1058 3077; x_wconf 88' lang='lat' dir='ltr'>modo</span> <span class='ocrx_word' id='word_1_457' title='bbox 1091 3042 1187 3077; x_wconf 87' lang='lat' dir='ltr'>tam</span> <span class='ocrx_word' id='word_1_458' title='bbox 1224 3028 1429 3093; x_wconf 88' lang='lat' dir='ltr'>sapiente,</span> <span class='ocrx_word' id='word_1_459' title='bbox 1476 3042 1528 3077; x_wconf 93' lang='lat' dir='ltr'>ut</span> <span class='ocrx_word' id='word_1_460' title='bbox 1564 3028 1797 3076; x_wconf 87' lang='lat' dir='ltr'>excederet</span> <span class='ocrx_word' id='word_1_461' title='bbox 1834 3041 2020 3074; x_wconf 88' lang='lat' dir='ltr'>omnem</span> <span class='ocrx_word' id='word_1_462' title='bbox 2059 3026 2320 3091; x_wconf 84' lang='lat' dir='ltr'>sapientiam</span> 
     </span>
     <span class='ocr_line' id='line_1_43' title="bbox 340 3091 2324 3158; baseline 0.001 -18"><span class='ocrx_word' id='word_1_463' title='bbox 340 3094 603 3150; x_wconf 81' lang='lat' dir='ltr'>humanam,</span> <span class='ocrx_word' id='word_1_464' title='bbox 641 3096 690 3143; x_wconf 87' lang='lat'>&amp;</span> <span class='ocrx_word' id='word_1_465' title='bbox 714 3094 845 3142; x_wconf 78' lang='lat' dir='ltr'>simul</span> <span class='ocrx_word' id='word_1_466' title='bbox 870 3095 1012 3142; x_wconf 84' lang='lat' dir='ltr'>modo</span> <span class='ocrx_word' id='word_1_467' title='bbox 1040 3096 1282 3143; x_wconf 88' lang='lat' dir='ltr'>innocente</span> <span class='ocrx_word' id='word_1_468' title='bbox 1316 3093 1547 3144; x_wconf 83' lang='lat' dir='ltr'>infantili.</span> <span class='ocrx_word' id='word_1_469' title='bbox 1593 3093 1797 3142; x_wconf 79' lang='lat' dir='ltr'>sistebant</span> <span class='ocrx_word' id='word_1_470' title='bbox 1831 3092 1967 3139; x_wconf 88' lang='lat' dir='ltr'>etiam</span> <span class='ocrx_word' id='word_1_471' title='bbox 1991 3091 2138 3141; x_wconf 84' lang='lat' dir='ltr'>ideam</span> <span class='ocrx_word' id='word_1_472' title='bbox 2177 3093 2324 3158; x_wconf 88' lang='lat' dir='ltr'>sepul·</span> 
     </span>
     <span class='ocr_line' id='line_1_44' title="bbox 343 3155 2323 3236; baseline 0.001 -30"><span class='ocrx_word' id='word_1_473' title='bbox 343 3159 455 3215; x_wconf 88' lang='lat' dir='ltr'>chri,</span> <span class='ocrx_word' id='word_1_474' title='bbox 490 3160 560 3207; x_wconf 91' lang='lat' dir='ltr'>sed</span> <span class='ocrx_word' id='word_1_475' title='bbox 585 3176 676 3207; x_wconf 90' lang='lat' dir='ltr'>non</span> <span class='ocrx_word' id='word_1_476' title='bbox 708 3155 841 3210; x_wconf 87' lang='lat' dir='ltr'>fimul</span> <span class='ocrx_word' id='word_1_477' title='bbox 875 3161 1022 3210; x_wconf 87' lang='lat' dir='ltr'>ideam</span> <span class='ocrx_word' id='word_1_478' title='bbox 1038 3161 1234 3210; x_wconf 87' lang='lat' dir='ltr'>Domini</span> <span class='ocrx_word' id='word_1_479' title='bbox 1267 3161 1350 3211; x_wconf 76' lang='lat' dir='ltr'>nisi</span> <span class='ocrx_word' id='word_1_480' title='bbox 1386 3162 1446 3208; x_wconf 91' lang='lat' dir='ltr'>ita</span> <span class='ocrx_word' id='word_1_481' title='bbox 1468 3172 1658 3236; x_wconf 80' lang='lat' dir='ltr'>remote,</span> <span class='ocrx_word' id='word_1_482' title='bbox 1694 3169 1746 3206; x_wconf 92' lang='lat' dir='ltr'>ut</span> <span class='ocrx_word' id='word_1_483' title='bbox 1767 3157 1848 3204; x_wconf 90' lang='lat' dir='ltr'>vix</span> <span class='ocrx_word' id='word_1_484' title='bbox 1874 3159 2175 3234; x_wconf 63' lang='lat' dir='ltr'>perciperetur</span> <span class='ocrx_word' id='word_1_485' title='bbox 2197 3161 2323 3224; x_wconf 91' lang='lat' dir='ltr'>quod</span> 
     </span>
     <span class='ocr_line' id='line_1_45' title="bbox 340 3221 2324 3338; baseline -0.001 -63.999"><span class='ocrx_word' id='word_1_486' title='bbox 340 3226 590 3283; x_wconf 59' lang='lat' dir='ltr'>Domum,</span> <span class='ocrx_word' id='word_1_487' title='bbox 626 3226 706 3275; x_wconf 82' lang='lat' dir='ltr'>nifi</span> <span class='ocrx_word' id='word_1_488' title='bbox 739 3227 859 3292; x_wconf 77' lang='lat' dir='ltr'>quasi</span> <span class='ocrx_word' id='word_1_489' title='bbox 892 3243 917 3278; x_wconf 84' lang='lat' dir='ltr'>e</span> <span class='ocrx_word' id='word_1_490' title='bbox 949 3227 1220 3292; x_wconf 83' lang='lat' dir='ltr'>longinquo,</span> <span class='ocrx_word' id='word_1_491' title='bbox 1253 3243 1311 3278; x_wconf 83' lang='lat' dir='ltr'>ex</span> <span class='ocrx_word' id='word_1_492' title='bbox 1332 3225 1458 3276; x_wconf 84' lang='lat' dir='ltr'>causa</span> <span class='ocrx_word' id='word_1_493' title='bbox 1480 3227 1588 3292; x_wconf 82' lang='lat' dir='ltr'>quia</span> <span class='ocrx_word' id='word_1_494' title='bbox 1613 3225 1732 3275; x_wconf 80' lang='lat' dir='ltr'>ideae</span> <span class='ocrx_word' id='word_1_495' title='bbox 1753 3221 1974 3288; x_wconf 85' lang='lat' dir='ltr'>sepulchri</span> <span class='ocrx_word' id='word_1_496' title='bbox 2010 3223 2120 3274; x_wconf 84' lang='lat' dir='ltr'>inest</span> <span class='ocrx_word' id='word_1_497' title='bbox 2138 3225 2324 3338; x_wconf 57' lang='grc' dir='ltr'>ἒίἱςαὶά</span> 
     </span>
    </p>

    <p class='ocr_par' dir='ltr' id='par_1_8' title="bbox 2161 3306 2322 3348">
     <span class='ocr_line' id='line_1_46' title="bbox 2161 3306 2322 3348; baseline -0.012 -10"><span class='ocrx_word' id='word_1_498' title='bbox 2161 3306 2322 3348; x_wconf 78' lang='lat' dir='ltr'>unctis,</span> 
     </span>
    </p>
   </div>
  </div>
 </body>
</html>
