2546 3786
323 244 494 357 200v
645 288 765 348 DE
825 276 1201 346 coE‘Lo
1262 306 1370 350 m
1430 285 2003 355 INF‘ER‘NO.

323 427 430 471 tate,
465 412 526 461 est
550 410 734 458 facultas
757 409 1055 457 confirmandi
1090 407 1394 471 quodcunque
1431 409 1571 466 lubet,
1608 416 1733 462 &ex
1757 410 1985 476 principiis
2008 414 2148 478 captis
2171 417 2229 466 ὅτ
2244 435 2302 467 ex

324 479 504 527 fallaciis
528 478 679 524 videre
702 475 802 523 falsa
825 478 872 522 ὅτ
898 490 990 521 non
1013 489 1115 520 vera
1133 496 1149 528 ς
1186 472 1292 520 tales
1330 473 1547 536 nusquam
1581 475 1725 538 redigi
1759 477 1936 538 poffunt
1969 480 2024 527 ad
2058 482 2303 544 agnoscen-

328 546 441 591 dum
467 559 585 599 vera,
620 543 833 605 quoniam
874 555 930 586 ex
969 536 1082 586 falsis
1121 555 1211 586 non
1245 537 1388 584 videri
1422 539 1608 601 poffunt.
1633 556 1752 597 vera,
1787 541 1856 588 sed
1893 559 1950 590 ex
1972 547 2089 593 veris
2123 548 2305 610 poffunt

310 610 470 659 evideri
511 607 624 655 falsa.
694 605 927 653 Rationale
961 603 1239 652 hominis·¹est
1263 603 1402 650 fimile
1425 605 1625 651 horto&
1649 606 1821 663 florete,
1857 621 1906 655 ut
1929 610 1978 657 ὅτ
2002 614 2171 669 novali,
2207 629 2302 660 me·
2319 621 2327 663 ἶ

329 667 471 723 moria
507 673 570 720 est
608 672 791 728 humus,
825 686 930 717 vera
970 669 1207 717 scientifica
1244 669 1302 716 ὅτ’
1335 668 1614 731 cognitiones
1654 668 1755 717 sunt
1788 671 1968 730 semina,
2003 677 2081 722 lux
2111 679 2159 725 δι
2183 679 2304 726 calor-

265 762 272 768 <
328 741 448 788 coeli·
462 739 736 802 producunt,
770 736 931 799 absque
955 735 1039 782 illis
1063 735 1183 782 nulla
1204 736 1498 796 egerminatio
1518 755 1533 788 ;
1569 734 1628 780 ita
1650 749 1832 797 quoque
1861 738 1915 786 fit
1950 741 2028 786 nis1
2051 743 2158 789 Lux
2179 743 2304 792 Coeli

327 821 433 868 quae
455 804 516 851 est
541 804 764 850 Divinum
783 803 974 857 Verum,
998 817 1048 848 ac
1072 801 1208 848 Calor
1231 801 1352 847 Coeli
1374 801 1456 863 qui
1477 799 1538 847 est
1564 801 1759 846 Divinus
1782 802 1948 861 Amor,
1964 806 2269 866 'admittuntur
2286 833 2302 866 ς

327 886 384 918 ex
424 871 509 917 illis
553 868 653 915 solis
692 868 754 915 est
794 867 1039 916 Rationale.
1108 867 1279 914 Dolent
1317 882 1455 929 quam
1497 866 1692 912 maxime
1727 866 1917 928 Angeli,
1957 872 2083 932 quod
2121 875 2306 925 Eruditi

326 929 476 999 quoad
518 933 707 982 multam
744 946 914 998 partem
951 946 1123 980 naturae
1161 931 1406 979 adscribant
1443 933 1612 986 omnia,
1647 931 1697 978 &
1735 932 1862 998 quod
1898 934 2002 981 inde
2036 939 2303 991 excluserint

329 1002 408 1049 fibi
448 1001 652 1048 interiora
686 1016 792 1063 quae
832 999 994 1046 mentis
1031 997 1137 1054 suae,
1173 1010 1224 1045 ut
1248 997 1358 1044 nihil
1381 998 1474 1043 veri
1496 1012 1552 1042 ex
1576 997 1674 1043 luce
1697 997 1806 1052 ver-i,
1841 1005 1948 1060 quae
1978 999 2041 1048 est
2063 1002 2309 1064 luxCoeli,

330 1067 482 1114 videre
506 1067 698 1129 possint:
736 1065 948 1113 orbantur
989 1063 1092 1110 ideo
1130 1065 1178 1109 in
1216 1063 1348 1109 altera
1383 1063 1476 1108 vita
1514 1060 1719 1109 facultate
1757 1063 2065 1121 ratiocinandi,
2099 1084 2154 1116 ne
2176 1072 2308 1121 diffe-

330 1133 503 1179 minent
536 1129 637 1178 falsa
672 1147 751 1194 per
786 1130 1013 1178 ratiocinia
1046 1131 1158 1176 inter
1192 1127 1411 1190 simplices
1446 1127 1613 1183 boum,
1639 1127 1692 1174 &
1711 1126 1968 1186 seducant.;.
1991 1147 2041 1178 ac
2063 1135 2308 1187 mittuntur:

330 1198 378 1244 in
404 1198 501 1244 loca
523 1196 705 1244 deserta.
1388 1219 1391 1221 >
1456 1244 1459 1247 ,
2130 1204 2133 1206 “

395 1264 507 1325 465.
545 1262 747 1318 Quidam
772 1259 948 1323 spiritus
971 1259 1246 1323 indignatuS,
1281 1258 1405 1322 quod
1445 1274 1537 1306 non
1573 1259 1839 1308 meminiffet
1879 1260 2078 1325 plurium
2117 1281 2224 1328 quae
2258 1270 2313 1319 in,-

329 1330 424 1376 vita
446 1329 646 1390 corporis
670 1326 820 1382 novit,
851 1325 1004 1373 dolens
1029 1328 1090 1372 ob
1105 1324 1364 1389 jucundum
1387 1325 1515 1388 quod
1535 1324 1697 1380 amisit,
1731 1341 1826 1388 quo
1848 1329 2045 1377 maxime
2067 1330 2309 1384 delectatus

331 1393 472 1440 fuerat
493 1415 510 1448 ·,
543 1391 615 1438 sed
639 1392 813 1441 dictum
836 1391 900 1437 est
919 1393 977 1448 ei,
1013 1392 1139 1454 quod
1163 1390 1339 1454 prorsus
1363 1391 1471 1437 nibil
1493 1389 1702 1446 amiserit,
1738 1393 1787 1438 δε
1809 1394 1934 1455 quod
1957 1394 2063 1442 sciat
2084 1401 2238 1447 omnia
2256 1403 2313 1450 «Sc

331 1459 502 1522 singula
522 1480 537 1512 3
572 1457 621 1504 &
645 1457 769 1520 quod
793 1458 837 1503 in
863 1456 943 1503 illo
967 1456 1157 1514 mundo,
1194 1457 1272 1504 ubi
1303 1471 1424 1504 nunc
1459 1455 1546 1512 est,
1574 1471 1666 1502 non
1688 1455 1816 1504 liceat
1835 1461 1874 1505 ei
1899 1459 2003 1506 talia
2025 1460 2308 1525 depromere,

331 1526 379 1572 &
415 1523 540 1588 quod
575 1523 673 1571 satis
706 1522 781 1580 fir,
817 1523 942 1585 quod
983 1538 1103 1569 nunc
1139 1524 1270 1585 poffit
1311 1522 1460 1570 multo
1498 1521 1658 1568 melius
1695 1521 1744 1568 δε
1777 1522 2013 1584 perfectius
2037 1530 2232 1591 cogitare
2254 1533 2309 1580 δε

329 1592 471 1653 loqui,
507 1605 587 1636 nec
612 1588 815 1635 rationale
839 1588 969 1635 suum
993 1588 1277 1650 immergere,
1313 1601 1363 1634 ut
1385 1588 1526 1650 prius,
1562 1586 1704 1633 densis
1739 1587 1952 1646 obscuris,
1991 1596 2311 1654 materialibus,

308 1658 380 1709 ,ὅτ
403 1656 647 1717 corporeis,
676 1670 782 1717 quae
821 1654 983 1700 nullius
1022 1652 1124 1700 usus
1163 1652 1263 1699 sunt
1297 1653 1342 1699 in
1366 1654 1532 1714 Regno
1552 1653 1596 1698 in
1621 1652 1743 1714 quod
1769 1669 1889 1700 nunc
1914 1658 2071 1712 venit;
2109 1661 2157 1707 ὅτ
2179 1666 2307 1724 quod

331 1734 449 1768 nunc
488 1721 643 1767 habeat
677 1719 895 1783 quicquid
933 1719 987 1765 ad
1027 1717 1156 1765 usum
1194 1718 1304 1765 vitae
1341 1729 1524 1764 aeternae
1558 1717 1799 1773 conducat,
1851 1721 1900 1766 δε
1935 1722 2062 1784 quod
2108 1725 2167 1772 fic
2212 1744 2317 1776 non„

330 1788 453 1834 al'ter
475 1787 604 1850 poffit
628 1785 777 1845 beatus
797 1785 846 1832 δε
869 1782 980 1830 felix
999 1783 1092 1829 fieri
1111 1805 1126 1838 ·,
1162 1784 1221 1829 ita
1242 1784 1368 1845 quod
1393 1783 1656 1845 ignorantiae
1679 1782 1732 1828 fit
1754 1783 1946 1841 credere,
1979 1788 2103 1850 quod
2139 1793 2184 1838 in
2216 1793 2310 1843 hoc„

330 1854 501 1915 Regno
536 1867 641 1897 cum
681 1851 934 1897 remotione
962 1849 1012 1895 &
1051 1845 1319 1911 quiescentia
1354 1847 1648 1894 materialium
1672 1847 1717 1894 in
1744 1853 1980 1906 memoria,
2015 1854 2305 1918 intelligentia

283 1909 285 1913 ¹
330 1928 566 1982 appareat;
602 1931 709 1963 cum
743 1927 891 1962 tamen
930 1929 995 1961 res
1033 1915 1092 1960 ita
1125 1913 1166 1960 se
1203 1912 1351 1969 habet,
1383 1912 1511 1978 ,quod
1535 1924 1908 1974 quantummens
1933 1915 2092 1964 abduci
2116 1924 2258 1983 potest
2279 1942 2306 1973 a

330 1983 592 2031 sensualibus
625 1997 730 2045 quae
770 1979 868 2028 sunt
907 1981 1075 2028 externi
1114 1978 1309 2028 hominis
1348 1978 1423 2027 seu
1461 1980 1678 2041 corporiS,
1713 1990 1887 2027 tantum
1922 1981 2117 2031 elevetur
2139 1988 2195 2035 ad
2221 1991 2307 2054 spi,

328 2049 500 2097 ritualia
522 2050 570 2095 &
595 2046 805 2095 coelestia.

397 2116 508 2175 466.
545 2112 838 2178 Qualessunt
860 2111 1120 2171 Memoriae,
1155 2111 1423 2175 quandoque
1455 2110 1502 2156 in
1535 2109 1666 2157 altera
1689 2111 1781 2158 vita
1801 2111 1965 2160 fistitur
1987 2116 2307 2170 videndunrin

331 2180 490 2227 formis
529 2179 591 2225 ibi
629 2179 774 2225 solum
814 2178 1142 2240 apparentibus,
1178 2176 1255 2237 (ad
1278 2176 1425 2223 visum
1460 2176 1521 2222 ibi
1556 2176 1686 2239 plura
1719 2175 2086 2243 fistuntur,..quae
2109 2185 2306 2248 alioquin

332 2246 453 2310 apud
477 2245 678 2300 homines
702 2243 846 2291 solum
870 2244 1036 2290 cadunt
1060 2245 1110 2289 in·
1130 2243 1271 2301 ideas)
1292 2264 1307 2297 ·,
1343 2243 1570 2289 Memoria
1602 2243 1794 2289 exterior
1823 2244 1884 2290 ibi
1910 2244 2069 2293 fistitur
2091 2250 2145 2296 ad
2167 2268 2305 2315 appa-

331 2312 518 2359 rentiam
554 2310 685 2357 instar
709 2310 840 2365 Calli,
877 2311 1057 2356 interior
1092 2308 1227 2355 instar
1251 2307 1515 2355 Substantiae
1550 2307 1824 2365 medullosae,
1861 2311 2002 2373 qualis
2037 2314 2081 2360 in
2107 2315 2313 2367 Cerebro

330 2378 563 2432 humano;
598 2376 701 2423 inde
738 2391 922 2438 quoque
961 2374 1065 2422 scire
1100 2375 1249 2430 datur,
1284 2374 1433 2437 quales
1471 2372 1583 2427 [unt.
1652 2373 1749 2434 Qi
1786 2375 1831 2421 in
1867 2377 1958 2424 vita
1995 2383 2193 2442 corporis
2229 2383 2306 2432 soli

332 2438 567 2491 memoriae
587 2441 867 2497 studuerunt,
901 2441 949 2488 &
973 2441 1031 2487 sic
1054 2441 1287 2488 Rationale
1310 2439 1438 2487 suum
1458 2455 1548 2488 non
1570 2441 1876 2499 excoluerunt,
1913 2443 2126 2493 callositas
2147 2464 2304 2498 eorum

331 2520 511 2571 apparet
533 2507 662 2564 dura,
693 2523 744 2554 ac
767 2508 886 2554 intus
917 2509 1029 2554 ficut
1058 2522 1115 2554 ex
1153 2506 1409 2553 tendinibus
1443 2505 1602 2552 striata.
1671 2507 1767 2568 Qi
1790 2508 2096 2570 impleverunt-
2120 2515 2306 2562 Memo-

332 2576 442 2621 riam
466 2571 738 2629 falsitatibus,
774 2583 955 2636 apparet
993 2572 1225 2634 capillacea
1265 2573 1312 2619 &
1353 2571 1534 2627 hirsuta,
1570 2573 1617 2619 ὅτ
1643 2571 1728 2619 hoc
1751 2587 1808 2619 ex
1833 2577 2039 2637 congerie
2061 2579 2308 2628 inordinata

330 2654 493 2687 rerum.
563 2639 662 2698 Qui
700 2639 934 2685 memoriae
967 2638 1236 2685 studuerunt
1268 2638 1430 2685 amoris
1461 2637 1526 2684 sui
1549 2638 1597 2684 &
1619 2637 1951 2696 mundicausa,
1987 2656 2166 2705 apparet
2193 2660 2309 2692 con-

331 2706 546 2768 glutinata
586 2720 635 2752 ac
676 2703 898 2751 oflificata.
969 2704 1067 2763 Qui
1106 2719 1185 2766 per
1226 2703 1477 2758 scientifica,
1514 2704 1737 2766 imprimis
1777 2720 1856 2767 per
1895 2706 2218 2771 Philosophica‚
2255 2713 2302 2759 in

334 2778 510 2820 Arcana
531 2771 701 2818 Divina
737 2782 962 2833 penetrare
1001 2769 1256 2825 voluerunt,
1294 2785 1374 2816 nec
1412 2769 1536 2831 prius
1579 2769 1754 2817 credere
1791 2786 1928 2833 quam
1966 2789 2070 2821 cum
2110 2789 2188 2838 per
2227 2778 2305 2826 illa-

333 2836 708 2898 persuaderentur,
745 2836 866 2898 apud
890 2836 988 2882 ilios
1010 2848 1192 2899 apparet
1214 2835 1440 2883 Memoria
1468 2834 1750 2892 tenebricosa,
1787 2851 1893 2898 quae
1914 2838 2010 2885 talis
2030 2851 2198 2887 naturae
2220 2843 2302 2900 est,

334 2915 385 2959 ut
419 2902 563 2949 radios
598 2902 709 2949 lucis
747 2900 989 2957 absorbeat,
1024 2903 1075 2948 δι
1113 2903 1159 2949 in
1198 2902 1395 2948 tenebras
1436 2913 1590 2949 vertat».
1659 2901 1757 2963 Qi
1789 2902 1957 2959 dolofi,
1981 2905 2029 2950 &
2051 2903 2304 2967 hypocritae

330 2965 530 3021 fuerunt,
563 2967 682 3028 apud
717 2965 817 3013 illos
853 2973 1034 3029 apparet
1071 2967 1144 3013 illa
1183 2966 1295 3013 dure
1329 2966 1444 3012 offea
1475 2965 1593 3013 ficut·
1618 2966 1776 3024 ebena,
1806 2983 1911 3030 quae
1942 2968 2122 3016 reflectit
2154 2974 2300 3023 radios

331 3032 457 3079 lucis.
525 3031 626 3093 Qi
646 3045 795 3078 autem
819 3032 865 3077 in
890 3032 1200 3078 bono-amoris-
1216 3033 1265 3078 ὅτ
1287 3033 1402 3078 veris
1425 3031 1531 3077 fidei
1555 3030 1751 3089 fuerunt,
1784 3031 1898 3094 apud
1924 3048 1997 3079 eos
2032 3034 2139 3083 talis
2161 3039 2299 3088 callus

331 3112 421 3144 non
446 3107 640 3159 apparet,
675 3097 780 3158 quia
803 3096 1031 3143 Memoria
1066 3107 1223 3143 eorum
1259 3097 1438 3144 interior
1478 3096 1588 3144 lucis
1626 3098 1771 3144 radios
1807 3097 2064 3146 transmittit
2097 3103 2144 3148 in
2177 3118 2299 3153 exte-

328 3164 509 3222 riorem,
543 3163 590 3209 in
604 3160 738 3225 ‚cujus
758 3158 941 3223 objectis
965 3161 1034 3209 seu
1056 3162 1184 3220 ideis,
1215 3162 1328 3211 ficut
1361 3163 1411 3211 iu
1446 3161 1519 3229 sua
1558 3162 1646 3214 bafi
1683 3172 1760 3225 aut
1795 3159 1906 3211 ficut
1944 3164 1992 3224 in
2026 3164 2100 3214 sua
2137 3168 2298 3228 humo,

2193 3237 2302 3283 radii
