2546 3786
607 255 728 356 os
777 257 982 327 con
1009 247 1160 326 tao
1203 237 1311 323 Μ’
1355 251 1492 324 ϊιΝ
1519 258 1946 329 FAERNo.
2130 286 2285 361 ἰε-7,

817 391 829 406 ·
865 399 877 402 “’
943 379 1117 437 J‘c‘orde
1162 384 1280 451 gerit
1321 386 1487 437 odium
1530 399 1692 438 contra.
1712 392 1934 451 alterum,
1978 407 2033 442 ae
2064 407 2124 442 ex
2166 382 2284 445 odio

818 509 820 511 Ι
895 463 966 498 ἰη
987 452 1118 501 valet,
1188 453 1288 501 Hae
1322 452 1520 502 saevitiae·
1539 455 1591 503 δε
1626 455 1731 504 inde
1765 461 1987 508 cruciatus
2019 458 2279 525 intelligun-

825 516 1105 574 infernalem,
1140 533 1247 568 nam
1270 517 1371 566 sunt
1392 518 1580 568 effeetus
1601 521 1921 585 cupiditatum.
2214 551 2218 555 ·

737 606 754 641 ς
780 585 873 647 548
914 582 1137 632 ostensum
1171 584 1253 641 est,
1287 584 1626 649 quodrspiritus
1666 588 1812 636 malus
1848 588 1892 636 se
1932 586 2087 652 sponte
2126 591 2269 656 conji-

719 683 736 708 ,
785 665 923 714 quare
960 651 1096 698 etiam
1132 649 1287 714 paucis
1323 650 1515 707 dicetur,
1562 651 1686 701 unde
1721 653 1809 702 hoe
1846 654 1919 711 fit,
1965 668 2074 703 cum
2111 667 2265 704 tamen

300 396 433 453 sunt,
467 407 605 460 quare
649 392 714 442 ibi
751 409 785 458 q

293 462 494 525 erumpit
515 461 562 509 in
583 459 716 518 saeva,

288 539 368 578 tur
387 528 522 576 etiam
544 541 625 591 per
647 524 669 574 1

314 658 327 671 ,
353 608 470 669 5714·
507 592 605 657 Sui>
671 645 674 647 a

286 672 376 709 ciat
410 676 457 706 m
490 657 563 706 Inf
593 712 595 714 ,

286 725 337 773 in
371 723 490 773 Infer
530 770 539 778 Δ
582 715 690 765 ‘tales
725 717 947 764 cruciatus
987 711 1101 784 sunt.
1171 715 1251 763 Ex·
1270 715 1474 778 quolibet
1493 714 1675 766 inferno
1697 719 1928 767 exhalatur
1949 720 2119 784 sphaera
2139 724 2268 785 cupi-

285 790 430 839 ditatu
463 816 495 840 ¹,
530 783 577 829 in
616 780 782 846 quibus
819 778 920 828 sunt
958 779 1024 827 illi
1060 782 1141 844 qui
1180 780 1276 836 ibi,
1325 781 1423 829 haec
1459 781 1628 845 sphaera
1667 799 1775 832 cum
1816 786 2062 849 percipitur
2097 786 2153 834 ab
2186 786 2267 834 illo

282 857 363 920 qu·
472 847 617 896 simili
652 845 894 911 cupiditate
925 844 1007 902 est,
1039 845 1231 893 afficitur
1252 845 1405 901 corde,
1440 847 1490 895 δε
1512 849 1726 912 impletur
1735 848 1978 914 jucundo,
2013 867 2120 900 nam
2137 854 2268 916 cupi·

282 908 395 971 (νίας
413 915 465 964 ὅτ
487 913 582 978 ejus
595 912 858 977 jucunditas
876 925 1021 958 unum
1039 907 1210 958 faciunt
1229 931 1242 964 ;
1276 911 1402 973 quod
1425 913 1548 959 enim
1570 914 1730 978 aliquis
1750 917 1894 979 cupit,
1933 916 2020 964 hoc
2042 918 2082 964 ei
2097 915 2267 980 jucun-

275 977 391 1032 flum
414 980 508 1036 est;
543 978 648 1027 inde
668 977 749 1035 est,
782 977 908 1040 quod
931 975 1109 1040 spiritus
1133 975 1174 1022 se
1198 975 1306 1023 illuc
1329 987 1579 1032 convertat,
1614 979 1664 1024 δε
1688 979 1796 1028 illuc
1817 997 1873 1029 ex
1886 979 2096 1044 jucundo
2114 983 2280 1031 cordis·

275 1049 462 1112 cupiat;
499 1044 707 1093 nondum
727 1044 851 1091 enim
877 1041 956 1089 scit
977 1042 1103 1105 quod
1127 1041 1231 1090 tales
1255 1042 1315 1088 ibi
1339 1042 1561 1090 cruciatus
1583 1041 1687 1099 sint,
1720 1044 1770 1090 &
1793 1048 1870 1106 qui
1894 1046 1974 1095 scit
1995 1046 2132 1109 usque
2153 1048 2263 1095 illuc

275 1114 439 1177 cupit·,
473 1124 611 1160 nemo
642 1109 764 1157 enim
801 1109 848 1155 in
883 1106 1060 1156 mundo
1093 1106 1307 1171 spirituali
1341 1106 1531 1156 resistere
1565 1107 1712 1170 potest
1742 1109 1980 1171 cupiditati
2015 1111 2123 1168 suae,
2156 1115 2263 1176 quia

273 1178 496 1243 cupiditas
531 1175 596 1224 est
632 1173 728 1237 ejus
767 1176 951 1231 amoris,
983 1173 1042 1220 δε·
1069 1187 1198 1220 amor
1235 1173 1298 1221 est
1329 1171 1425 1233 eius
1457 1173 1719 1229 voluntatis,
1755 1176 1803 1222 &
1823 1175 2035 1223 voluntas
2064 1177 2128 1224 est
2162 1176 2260 1240 ejus

274 1249 465 1300 naturae,
497 1242 548 1290 &
569 1239 837 1306 quisque-ibi
860 1253 922 1287 ex·
937 1250 1090 1286 nat-ura
1112 1241 1219 1302 agit.
1289 1239 1414 1286 Cum
1449 1239 1600 1302 itaque
1631 1238 2082 1303 spiritusvsu-alsponoe
2102 1255 2179 1299 aut
2200 1259 2260 1290 ex

273 1309 354 1357 suo
387 1308 526 1365 libero
555 1306 682 1355 alluit
714 1306 770 1353 ad
799 1305 930 1353 suum
959 1302 1205 1361 infernum,
1240 1319 1291 1352 ac
1313 1305 1464 1361 intrat,
1498 1316 1608 1352 tunc
1629 1306 1832 1367 primum
1855 1308 2076 1368 excipitur
2096 1308 2258 1365 amice,

270 1375 457 1424 credens
479 1373 539 1422 fic
560 1372 688 1437 quod
710 1373 824 1420 inter
846 1372 1015 1419 amicos
1028 1372 1217 1427 venerit,
1249 1369 1323 1418 sed
1345 1370 1434 1418 hoc
1455 1370 1785 1434 perstat-modo⁸
1802 1387 1882 1434 per
1903 1372 2072 1435 aliquot
2093 1372 2222 1421 horas
2236 1395 2254 1429 ς

271 1443 439 1490 interea
458 1439 717 1503 exploratur
744 1438 864 1501 quali
888 1436 1046 1484 astutia
1065 1437 1156 1493 est,
1178 1436 1229 1484 δε
1252 1436 1356 1484 inde
1379 1437 1501 1501 quali
1523 1437 1671 1484 valore
1692 1459 1706 1492 ;
1740 1451 1837 1500 quo
1873 1438 2105 1501 explorato
2142 1439 2255 1486 inci-

269 1507 405 1571 piunt
427 1506 557 1553 illum
583 1503 799 1560 infestare,
833 1505 885 1551 ὅτ
907 1503 994 1550 hoc
1016 1503 1148 1549 variis
1173 1503 1338 1559 modis,
1361 1517 1412 1549 ac
1437 1501 1668 1551 succeffive
1689 1503 1832 1557 actius
1853 1503 1903 1551 &
1925 1503 2254 1567 vehementius,

267 1573 395 1636 quod
415 1572 469 1619 fit
491 1586 572 1636 per
594 1568 974 1618 introductionem
999 1567 1180 1616 interius
1197 1568 1245 1616 &
1268 1565 1540 1632 profundius
1561 1569 1609 1615 in
1621 1567 1874 1626 Infernum,
1897 1585 2003 1617 nam
2026 1584 2120 1633 quo
2141 1569 2253 1617 inte-

265 1640 358 1687 rius
379 1638 430 1687 ὅτ
452 1634 722 1702 profundius
745 1634 823 1690 ibi,
847 1650 903 1681 eo
917 1633 1201 1694 maligniores
1223 1632 1399 1694 spiritus
1420 1633 1549 1682 sunt:
1584 1633 1685 1696 post
1707 1631 2003 1683 infestationes
2027 1636 2251 1699 incipiunt

265 1703 422 1751 saevi'oe
458 1704 505 1747 in
542 1701 673 1746 illurn
698 1713 788 1761 ⁴per
823 1712 993 1760 paenas,
1029 1698 1079 1744 δε
1104 1696 1189 1744 hoc
1211 1694 1350 1759 usque
1367 1696 1480 1744 dum
1503 1697 1703 1746 redactus
1723 1699 1788 1752 est
1819 1700 1867 1746 in
1898 1699 2089 1759 servum.
2158 1700 2249 1751 Sed

261 1768 371 1831 quia
392 1766 453 1814 ibi
477 1765 688 1812 continue
712 1761 893 1809 rebelles
917 1760 1311 1822 motusexistunt,
1338 1762 1554 1824 quoniam
1586 1763 1774 1825 quisque
1803 1763 1866 1811 ibi
1889 1763 1991 1812 vult
2021 1765 2248 1813 maximus

261 1833 345 1889 est,
380 1833 429 1878 ὅτ
453 1841 608 1878 contra
630 1827 738 1876 alios
758 1826 866 1876 odio
889 1827 1062 1890 flagrat,
1098 1826 1201 1874 inde
1233 1826 1342 1874 novi
1370 1825 1591 1883 insultus·,
1625 1826 1686 1875 fic
1710 1842 1798 1887 una
1819 1829 1945 1876 scena
1967 1842 2166 1880 mutatur
2196 1831 2246 1878 in

262 1897 466 1954 alteram,
498 1909 635 1958 quare
668 1893 733 1940 illi
772 1893 853 1956 qui
888 1890 998 1940 servi
1030 1891 1135 1940 facti
1166 1890 1267 1939 sunt
1297 1893 1580 1950 eximuntur,
1614 1904 1666 1940 ut
1697 1893 1909 1957 praestent
1941 1909 2079 1957 opem
2119 1909 2246 1942 novo

262 1963 447 2011 cuidam
480 1960 663 2008 diabolo
684 1959 741 2007 ad
765 1956 1098 2023 subjugandum
1120 1957 1246 2014 alioS,
1280 1969 1390 2007 tunc
1411 1958 1478 2006 illi
1500 1960 1582 2024 qui
1603 1958 1646 2007 se
1668 1974 1760 2007 non
1791 1958 2079 2017 submittunt,
2112 1960 2163 2008 &
2185 1960 2245 2008 ad

262 2040 429 2078 nutum
451 2026 666 2083 serviunt,
701 2026 864 2073 iterum
889 2025 1020 2073 variis
1054 2023 1203 2073 modis
1234 2025 1504 2082 cruciantur,
1539 2029 1589 2077 δε
1610 2024 1669 2073 sic
1692 2026 1918 2074 continue.
1984 2026 2118 2074 Tales
2140 2041 2247 2086 crug

254 2093 403 2143 ⁴‹ziatus
425 2092 526 2141 sunt
547 2093 772 2140 cruciatus
804 2087 980 2147 inferni,
1014 2090 1096 2154 qui
1120 2089 1244 2153 Ignis
1266 2088 1490 2139 infernalis
1509 2102 1742 2139 vocantur.

328 2175 440 2223 575.
477 2158 653 2206 Stridor
684 2167 836 2205 autem
872 2156 1078 2205 dentium
1115 2156 1178 2203 est
1212 2157 1424 2205 continua
1458 2154 1718 2220 disceptatio
1752 2156 1802 2204 δε
1837 2172 1992 2222 pugna
2025 2155 2239 2207 falsorum

261 2224 377 2272 inter
397 2223 456 2280 se,
491 2223 681 2287 proinde
711 2222 893 2270 illorum
926 2223 1008 2285 qui
1040 2223 1086 2269 in
1114 2219 1229 2269 falsis
1257 2222 1376 2287 sunt,
1409 2220 1648 2282 coniunsta
1668 2238 1851 2286 quoque
1872 2239 1981 2271 cum
2002 2236 2236 2285 contemtu

268 2290 482 2347 aliorum,
532 2288 783 2347 inimicitia,
832 2287 1044 2344 irrisione,
1095 2286 1444 2345 subsannatione,
1486 2287 1874 2351 blasphematione,
1914 2305 2021 2352 quae
2056 2305 2240 2353 quoque

257 2365 503 2420 erumpunt
525 2354 572 2402 in
593 2353 899 2402 dilaniationes
920 2354 1031 2400 varii
1052 2354 1250 2417 generis3
1283 2353 1471 2417 quisque
1491 2354 1613 2402 enim
1634 2369 1721 2417 pro
1742 2353 1821 2404 suo
1835 2353 1945 2402 falso
1959 2367 2149 2419 pugnat,
2183 2355 2235 2402 δε

248 2421 371 2469 'dicit
391 2435 567 2468 verum.
634 2419 732 2467 Hae
756 2418 1092 2482 disceptationes
1113 2419 1165 2466 &
1186 2433 1356 2482 pugnae
1379 2430 1503 2467 extra
1533 2419 1606 2468 illa
1637 2418 1810 2468 inferna
1846 2420 2088 2479 audiuntur
2124 2420 2239 2468 licut

260 2487 466 2534 stridores
487 2485 691 2534 dentium
712 2506 726 2541 ς
757 2485 808 2531 &
830 2499 1013 2547 quoque
1035 2485 1081 2531 in
1105 2483 1538 2534 stridoresdentium
1554 2497 1790 2534 vertuntur
1810 2501 1919 2535 cum
1942 2500 2045 2534 vera
2065 2501 2090 2535 e
2112 2484 2238 2535 coelo

239 2553 367 2600 ,illuc
385 2553 612 2599 influunt,
667 2551 720 2598 In
753 2550 806 2597 iis
838 2548 1026 2598 Infernis
1063 2547 1166 2597 sunt
1200 2565 1358 2598 omnes
1396 2550 1478 2608 illi,
1509 2551 1590 2615 qui
1629 2553 1914 2615 agnovitrunt
1947 2563 2149 2599 naturam
2183 2550 2235 2610 δε

241 2619 534 2680 {negaverunt
553 2617 798 2672 Divinum,
833 2616 878 2662 in
901 2614 1270 2679 profundioribus
1292 2616 1355 2664 ibi
1376 2617 1456 2679 qui
1477 2615 1520 2664 se
1552 2617 1598 2664 in
1631 2616 1687 2665 eo
1717 2616 2131 2665 confirmaverunt:
2156 2613 2232 2672 iui

254 2680 362 2744 §via
385 2683 493 2730 nihil
518 2682 627 2729 lucis
649 2698 674 2729 e
695 2681 824 2728 coelo
844 2681 1024 2744 possunt
1055 2681 1266 2743 recipere,
1301 2683 1350 2731 ὅτ
1373 2681 1478 2729 inde
1498 2681 1609 2730 nihil
1630 2682 1782 2730 videre
1812 2683 1931 2730 intus
1961 2682 2007 2730 in
2037 2681 2094 2738 se,
2127 2681 2232 2729 ideo

310 2744 325 2758 “
355 2751 364 2759 “
402 2765 455 2796 ue
479 2747 686 2796 sensuales
709 2746 911 2809 corporei
933 2745 1050 2802 sunt,
1084 2748 1164 2809 qui
1188 2746 1288 2794 sunt
1309 2747 1389 2809 qui
1413 2746 1521 2794 nihil
1543 2747 1749 2804 credunt,
1783 2762 1920 2810 quam
1944 2747 2068 2810 quod
2087 2744 2232 2795 oculis

260 2810 367 2858 vide
450 2816 500 2861 &
539 2811 744 2861 manibus
781 2823 997 2874 tangunt;
1031 2811 1137 2860 inde
1168 2827 1326 2859 omnes
1357 2809 1539 2860 fallaciae
1561 2811 1763 2860 sensuum
1786 2812 1872 2860 illis
1893 2811 1995 2860 sunt
2011 2828 2131 2868 vera,
2172 2826 2232 2859 ex

260 2875 439 2939 quibus
492 2880 576 2927 'am
601 2877 871 2940 disceptant:
906 2891 966 2923 ex
982 2889 1038 2923 eo
1053 2875 1131 2932 est,
1154 2877 1281 2939 quod
1303 2876 1638 2941 disceptationes
1660 2878 1841 2925 illorum
1862 2878 2096 2938 audiantur
2117 2875 2233 2925 ficut

258 2942 491 2989 stridores‘
584 2945 717 2999 tium,
751 2957 856 2989 nam
887 2943 1041 2990 omnia
1073 2937 1176 2989 salsa
1214 2943 1260 2989 in
1299 2944 1475 2990 mundo
1511 2942 1723 3007 spirituali
1762 2943 1964 2997 strident,
1996 2943 2047 2993 &
2070 2941 2226 2990 dentes

258 3004 550 3069 corresponde
632 3009 803 3055 ultimis
841 3007 889 3053 in
928 3020 1098 3062 natura,
1145 3007 1195 3054 &c
1234 3022 1418 3070 quoque
1452 3008 1624 3056 ultimis
1660 3008 1781 3071 apud
1821 3008 2072 3070 hominem,
2118 3021 2226 3070 quae

257 3073 357 3120 sunt
391 3070 600 3149 sensualia
707 3087 841 3137 porea
877 3072 975 3132 (ll).
1043 3072 1191 3136 Qod
1219 3073 1265 3120 in
1289 3072 1477 3121 infernis
1508 3073 1568 3121 fit.
1590 3073 1748 3135 stridor
1787 3073 1991 3123 dentium
2019 3072 2222 3189 vligeatlur

2096 3150 2221 3185 atti:

311 3222 388 3278 (ll)
423 3220 485 3262 De
506 3219 752 3272 Correspond
825 3224 833 3231 ‘
881 3222 1081 3270 dentium,
1112 3233 1166 3261 n:
1186 3221 1294 3275 5565
1311 3219 1360 3261 ad
1383 3219 1510 3275 5568.
1555 3218 1684 3271 Qod
1703 3219 1761 3269 ini
1779 3222 2223 3276 correspondent-den-

165 3284 172 3292 ”
255 3280 359 3323 tibus
385 3278 454 3334 qui
483 3290 591 3320 mere
618 3276 805 3319 sensuales
831 3272 935 3330 sunt,
967 3279 1007 3320 &
1030 3279 1096 3321 vix
1118 3277 1262 3332 aliquid
1298 3277 1395 3375 Ιιιῗὶζε
1422 3276 1626 3376 lspiritualis
1644 3276 1807 3326 habent,
1837 3289 1866 3319 n
1890 3291 1899 3319 :
1921 3278 2048 3335 5565.
2106 3271 2231 3375 {aa

813 3343 818 3346 .
2116 3347 2123 3354 ,
2167 3345 2235 3375 em
