2546 3786
275 285 418 362 ‹12814
607 283 726 343 ΠΕ
769 276 985 340 ‘COE
1021 275 1161 341 L‘o
1216 267 1968 346 'nm-1NFER‘NO2.

282 423 488 471 corpore,
525 421 629 453 nam
671 404 906 468 spiritualis
948 401 1028 459 est,
1074 403 1123 450 &
1158 400 1383 466 spirituale
1412 403 1574 467 recipit
1611 402 1850 466 spirituale,
1896 418 1947 452 ac
1988 404 2266 470 spiritualiter

284 477 414 529 vivit,
450 473 575 535 quod
612 470 673 518 est
709 471 905 533 cogitare
927 470 976 516 &
1004 468 1150 523 velle·,
1179 467 1519 530 omnisjtaque
1550 470 1642 516 vita
1674 471 1911 528 rationalis,
1945 488 2052 535 quae
2086 489 2283 537 apparet·

285 542 556 601 incorpore,
592 536 684 601 ejus
721 537 800 590 est,
836 536 886 582 δε
922 534 1031 580 nihil
1064 533 1301 596 corporis3
1336 547 1502 595 corpus
1529 536 1680 591 enim,
1714 548 1766 582 ut
1808 536 1935 599 supra
1975 538 2169 596 dietum,
2205 541 2268 588 est

287 605 524 660 materiale,
560 620 609 650 ac
635 602 870 657 materiale,
907 600 1034 663 quod
1073 600 1136 646 est
1174 599 1410 662 proprium
1448 601 1664 661 corporis,
1699 601 1762 647 est
1793 602 2015 669 adjectum
2054 607 2101 652 &
2138 621 2267 668 paene

284 672 398 718 sicut
436 669 699 729 adiunctum
737 667 925 731 spiritui,
962 666 1023 712 ob
1058 664 1251 720 causam,
1286 677 1337 710 ut
1360 663 1536 726 spiritus
1576 664 1770 712 hominis
1804 671 1934 729 poffit
1970 685 2099 733 agere
2123 673 2267 719 vitam

287 739 336 783 ἔτ
358 751 484 798 agere
509 734 608 781 usus¹
631 735 675 780 in
701 733 888 780 naturali
910 731 1101 788 mundo,
1137 728 1265 794 cujus
1301 731 1453 778 omnia
1487 729 1588 776 sunt
1610 732 1847 780 materialia
1869 749 1918 781 ac
1943 736 1986 781 in
2013 736 2051 782 se
2074 741 2270 800 expertia

286 805 431 856 vitae3
481 802 530 849 &
573 802 678 863 quia
719 799 941 846 materiale
981 814 1071 845 non
1107 798 1242 852 vivit,
1282 795 1355 842 sed
1397 796 1540 848 modo
1580 795 1818 859 spirituale,
1866 801 2063 848 constare
2109 805 2270 867 potest,

289 868 413 930 quod
453 866 671 930 quicquid
695 867 813 913 vivit
849 864 969 928 apud
1011 864 1262 918 hominem,
1297 862 1352 909 fit
1373 859 1468 926 ejus
1491 860 1683 925 spiritus,
1720 864 1768 910 δε
1793 864 1916 926 quod
1942 882 2104 930 corpus
2131 872 2272 920 m0d0

271 934 491 980 inserviat
529 934 586 989 ei,
623 931 798 995 prorsus
842 931 953 978 ficut
991 927 1323 978 instrumentale
1361 931 1407 974 vi
1450 930 1652 976 moventi
1686 930 1844 976 vivae:
1881 930 2045 979 dicitur
2083 938 2271 998 quidem

285 1001 342 1046 de
367 999 677 1055 instrumento,
711 997 839 1062 quod
865 1008 981 1060 agat,
1021 1009 1217 1052 moveat,
1253 1007 1329 1041 aut
1360 993 1501 1048 feriat,
1538 993 1611 1041 [εά
1647 995 1824 1042 credere
1863 998 1990 1058 quod
2031 998 2083 1046 fit
2113 1003 2271 1051 instru-

291 1067 446 1122 menti,
485 1068 531 1113 &
550 1081 645 1112 non
669 1063 763 1128 ejus
786 1065 864 1126 qui
889 1060 968 1126 per
991 1062 1036 1108 id
1060 1062 1171 1125 agit,
1208 1072 1364 1107 movet
1398 1058 1615 1116 autrferit,
1650 1059 1817 1108 fallacia
1845 1062 1921 1111 est.

355 1149 467 1196 433.
504 1132 740 1192 Quoniam
780 1144 917 1176 omne
955 1127 1082 1191 quod
1119 1128 1235 1174 vivit
1275 1127 1322 1172 in
1361 1141 1565 1189 corpore,
1601 1126 1652 1173 ὅτ
1690 1142 1747 1191 ex
1770 1128 1865 1174 vita
1901 1130 1996 1191 agit
2035 1131 2085 1178 δε
2126 1126 2270 1195 sentit,

287 1199 421 1245 unice
445 1197 508 1245 est
532 1197 725 1259 spiritus,
762 1197 810 1241 δε
835 1193 943 1241 nihil
977 1193 1198 1256 corporis,
1234 1190 1431 1255 sequitur
1451 1192 1578 1255 quod
1600 1191 1776 1256 spiritus
1799 1193 1851 1240 fit
1876 1194 1964 1258 ipse
1988 1197 2128 1245 homo
2148 1222 2162 1254 ;
2199 1202 2269 1249 seu

289 1264 416 1326 quod
457 1263 616 1320 simile,
651 1260 776 1324 quod
819 1260 973 1307 homo'
1001 1260 1046 1308 in
1086 1258 1127 1306 se
1166 1257 1384 1322 spectatus
1420 1257 1474 1305 fit
1512 1257 1707 1322 spiritus,
1743 1260 1795 1306 &
1830 1277 2012 1324 quoque
2054 1265 2100 1310 in
2142 1266 2273 1315 simili

291 1329 453 1385 forma,
488 1345 593 1375 nam
617 1326 836 1391 quicquid
862 1327 976 1372 vivit
999 1326 1048 1373 ὅτ
1072 1323 1199 1371 sentit
1223 1326 1268 1371 in
1301 1324 1486 1371 homine
1515 1324 1580 1371 est
1617 1322 1712 1387 ejus
1749 1325 1943 1388 spirituS,
1980 1330 2026 1376 ὃς
2052 1332 2161 1378 nihil
2187 1349 2276 1381 non

275 1396 337 1442 ·i'n
364 1395 543 1442 homine
568 1395 759 1456 acapite
783 1393 838 1439 ad
865 1392 1063 1456 plantam
1087 1391 1213 1454 pedis
1237 1389 1332 1453 ejus
1355 1391 1472 1437 vivit
1495 1391 1543 1437 ἃ,
1568 1389 1715 1448 sentit,
1752 1392 1856 1439 inde
1877 1394 1955 1450 est,
1988 1397 2132 1458 quod,
2168 1415 2276 1447 cum

275 1461 508 1524 ’separatur
543 1475 707 1523 corpus
749 1459 804 1506 ab
842 1460 936 1519 ejus
976 1457 1149 1521 spiritu,
1194 1455 1321 1520 quod
1358 1455 1525 1503 dicitur
1563 1459 1695 1514 mori,
1744 1457 1885 1506 homo
1927 1475 2101 1510 maneat
2140 1464 2281 1529 usque

278 1527 451 1583 homo,
487 1531 536 1576 δε
561 1527 698 1573 vivat.
769 1526 946 1572 Audivi
978 1540 1002 1570 e
1026 1523 1181 1579 Coelo,
1217 1522 1343 1586 quod
1368 1523 1555 1586 quidam
1580 1524 1659 1583 qui
1685 1526 1954 1585 moriuntur,
1990 1544 2098 1575 cum
2127 1528 2281 1593 jacent

280 1592 421 1657 super
455 1591 576 1640 ferali
617 1590 780 1646 mensa,
816 1603 1056 1653 antequam
1094 1587 1332 1636 resuscitati
1365 1587 1482 1644 sunt,
1519 1590 1564 1636 in
1597 1589 1680 1636 ·suo
1713 1589 1882 1653 frigido
1915 1594 2103 1657 corpore
2142 1600 2276 1645 etiam

293 1660 511 1722 cogitent,
547 1657 803 1705 nec-sciant
846 1656 1147 1718 aliter‘quam
1193 1654 1319 1717 quod
1339 1654 1503 1709 xadhuc
1541 1656 1714 1711 vivant,
1749 1654 1823 1702 sed
1863 1672 1971 1721 cum
2009 1660 2277 1722 differentia,

291 1725 418 1789 quod
458 1734 549 1772 non
588 1725 752 1789 poffint
789 1722 986 1786 aliquam
1020 1720 1287 1786 particulam
1323 1719 1612 1778 materialem,
1647 1736 1753 1784 quae
1773 1724 1953 1788 propria
1975 1730 2174 1790 corporis
2198 1730 2278 1788 est,

277 1807 492 1841 movere.
872 1808 874 1810 ·

363 1874 476 1921 434.
514 1858 681 1905 Homo
705 1871 796 1904 non
819 1853 965 1919 potest
987 1853 1184 1918 cogitare
1206 1853 1258 1901 &
1281 1853 1411 1911 velle,
1439 1853 1526 1900 niti
1551 1853 1604 1901 fit
1620 1852 1874 1918 *subjeetum
1897 1857 2023 1919 quod
2047 1857 2279 1910 substantia

291 1939 349 1972 ex
387 1940 481 1987 quo
517 1924 566 1970 &
599 1924 645 1971 in
679 1937 804 1986 qu0·,
840 1921 965 1985 quod
1002 1933 1185 1985 putatur
1218 1919 1604 1984 existereabsque
1642 1918 1839 1984 subjeeto
1863 1920 2157 1982 vsubstantiali,
2193 1927 2280 1976 hoe

295 1990 405 2038 nihil
428 1990 518 2037 est:
555 1989 603 2037 id
638 1988 736 2037 sciri
771 1987 917 2052 potest
951 2003 1009 2034 ex
1046 2003 1117 2045 eo,
1146 1987 1274 2050 quod
1298 1987 1440 2034 homo
1463 2003 1554 2034 non
1577 1987 1730 2034 videre
1752 1989 1884 2051 poffit
1907 1988 2068 2053 absque
2090 2008 2280 2055 organo,

294 2056 421 2120 quod
443 2056 507 2104 est
530 2053 778 2119 subjectum
802 2054 921 2102 visus
943 2051 1055 2117 ejus»,
1091 2069 1174 2101 nec
1196 2053 1350 2100 audire
1379 2053 1543 2116 absque
1573 2069 1748 2116 organo
1780 2055 1904 2117 quod
1937 2055 2000 2102 est
2029 2056 2279 2120 subjectum

296 2124 475 2170 auditus
497 2120 610 2186 ejuS,
644 2122 765 2168 visus
789 2122 837 2167 &
862 2120 1042 2167 auditus
1063 2117 1225 2182 absque
1256 2119 1345 2165 illis
1379 2119 1489 2166 nihil
1519 2119 1636 2176 sunt,
1673 2134 1754 2166 nec
1780 2120 1978 2176 dantur-3
2015 2122 2076 2169 ita
2097 2139 2280 2187 quoque

298 2190 514 2252 cogitatio
537 2203 642 2251 quae
664 2187 729 2235 est
751 2186 870 2234 visus
893 2188 1108 2242 internus,
1144 2188 1193 2233 δε
1216 2186 1503 2249 apperceptio
1524 2201 1630 2249 quae
1653 2185 1717 2232 est
1739 2185 1918 2233 auditus
1950 2189 2165 2247 interum,
2202 2192 2283 2240 nifi

298 2254 345 2303 hi
379 2253 526 2302 forent
557 2256 603 2301 in
634 2253 882 2301 substantiis
904 2254 954 2300 &
978 2268 1034 2299 ex
1057 2253 1159 2309 illis,
1193 2267 1300 2315 quae
1333 2251 1433 2299 sunt
1459 2249 1624 2300 formae
1656 2253 1898 2315 organicae,
1933 2270 2038 2317 quae
2071 2254 2279 2319 subjecta,

297 2320 474 2385 prorsus
509 2337 599 2368 non
630 2320 986 2368 existerentzaeex
1008 2319 1173 2382 quibus
1194 2317 1394 2366 constare
1417 2317 1577 2381 potest,
1612 2320 1738 2382 quod
1777 2317 1954 2381 spiritus
1991 2321 2187 2370 hominis
2229 2324 2282 2371 fit

297 2403 428 2450 aeque
467 2389 513 2434 in
549 2385 712 2444 forma,
742 2385 958 2450 &quod
989 2386 1051 2432 fit
1083 2382 1309 2438 informa
1341 2383 1550 2440 humana,
1587 2386 1636 2432 &
1668 2385 1794 2448 quod
1829 2401 1959 2448 aeque
1997 2386 2193 2436 sensoriis
2232 2391 2282 2437 &

298 2453 488 2500 sensibus
527 2453 722 2517 gaudeat
756 2468 866 2500 cum
903 2451 1127 2515 separatus
1157 2450 1222 2498 est
1253 2467 1278 2498 a
1301 2466 1490 2514 corpore
1512 2450 1623 2498 ficut
1643 2466 1749 2498 cum
1773 2452 1819 2498 in
1842 2451 1921 2499 illo
1944 2450 2047 2511 fuit,
2084 2456 2132 2502 &
2155 2456 2284 2519 quod

284 2532 439 2566 omne
477 2519 765 2576 vitae-oculi,
799 2520 849 2566 &
889 2533 1028 2566 omne
1068 2519 1177 2565 vitae
1213 2518 1346 2573 auris,
1381 2516 1522 2564 verbo
1561 2533 1696 2564 omne
1720 2520 1830 2564 vitae
1866 2516 2028 2576 sensuS,
2062 2524 2187 2584 quod
2220 2521 2284 2569 est

300 2586 491 2642 homini,
527 2600 618 2632 non
659 2586 713 2632 fit
751 2587 951 2648 corporis
986 2583 1102 2647 eju3‚
1135 2583 1208 2630 sed
1245 2582 1424 2646 spiritus
1462 2582 1555 2647 ejus
1592 2584 1637 2629 in
1670 2583 1756 2630 illis
1779 2585 1828 2632 &
1853 2585 1898 2630 in
1933 2583 2279 2649 singular-illimis

286 2653 516 2707 ·illorum;
553 2652 655 2699 inde
692 2651 771 2708 est,
807 2651 934 2714 quod
973 2648 1150 2714 spiritus
1186 2665 1315 2713 aeque
1347 2664 1398 2697 ac
1422 2649 1625 2696 homines
1651 2650 1850 2706 videant,
1885 2651 2082 2708 audiant,
2117 2654 2166 2701 δε
2189 2652 2282 2700 sen·

299 2719 427 2775 tiam,
452 2733 622 2765 :verum
647 2720 746 2781 post
770 2717 1036 2766 solutionem
1061 2733 1085 2765 a
1107 2731 1294 2779 corpore
1317 2732 1408 2763 non
1441 2716 1485 2762 in
1523 2716 1704 2763 naturali
1743 2716 1917 2764 mundo
1951 2717 2028 2765 sed
2073 2719 2118 2765 in
2158 2717 2282 2782 spiri-

301 2785 443 2840 tuali,;
479 2785 604 2847 quod
629 2782 1000 2846 spiritus2senserit
1023 2782 1276 2830 naturaliter
1298 2797 1406 2829 cum
1431 2780 1516 2829 fuit
1538 2783 1812 2845 incorpore,
1834 2797 1937 2832 cerat
1954 2801 2041 2847 per
2062 2785 2284 2835 materiale

286 2851 427 2912 quod
467 2851 505 2896 ei
542 2848 785 2913 adjectum,
833 2849 909 2898 sed
948 2848 1087 2913 usque
1118 2861 1234 2897 tunc
1273 2847 1404 2895 simul
1443 2847 1568 2895 sensit
1613 2847 1908 2913 spiritualiter,
1954 2850 2193 2912 cogitando
2229 2852 2280 2900 &

292 2914 514 2961 ·volendo.

370 2998 483 3043 435.
521 2981 643 3029 Haec
682 2980 804 3027 dieta
842 2979 958 3036 sunt,
994 2980 1055 3027 ob
1094 2980 1287 3038 causam,
1333 2992 1387 3029 ut
1424 2981 1644 3028 rationalis
1685 2982 1826 3029 homo
1864 2980 2107 3038 evincatur,
2155 2983 2280 3046 quod

302 3046 442 3094 homo
466 3048 510 3092 in
535 3044 576 3092 se
598 3045 817 3108 spectatus
854 3046 908 3092 fit
942 3044 1135 3108 spiritus,
1155 3047 1367 3110 &quod
1391 3062 1658 3111 corporeum
1682 3050 1723 3095 ei
1746 3045 1967 3110 adjestum
1993 3046 2279 3098 functionum

292 3112 429 3160 -causa
451 3110 697 3162 inrmundo
720 3111 979 3160 naturali&
1012 3113 1224 3159 materiali
1261 3129 1352 3160 non
1387 3113 1441 3160 fit
1460 3114 1627 3171 homo,
1664 3112 1736 3160 sed
1773 3111 1916 3159 modo
1944 3113 2283 3167 *instnumentale

290 3177 398 3242 ejus
428 3178 624 3242 spiritus.
699 3177 872 3224 Verum
898 3176 1110 3240 praestant
1131 3179 1492 3228 confirmationes
1516 3181 1573 3228 ab
1593 3178 1874 3242 experientia,
1909 3181 2122 3241 quoniam
2147 3183 2282 3229 ratio-

295 3245 421 3297 ‚analia
442 3261 466 3294 a
482 3243 692 3309 ,pluribus
718 3259 805 3292 non
828 3246 1084 3309 capiuntur,
1111 3245 1169 3295 ,ὅτ
1192 3245 1249 3295 ab
1272 3245 1360 3294 illis
1388 3248 1470 3309 qui
1502 3245 1542 3295 se
1575 3243 1956 3295 confirmaverunt
1987 3247 2031 3294 in
2062 3249 2284 3295 contrario

1425 3326 1445 3356 1
2046 3324 2284 3362 vettuntut
