2546 3786
307 201 436 336 ἐρῶ
613 256 733 318 Da
780 243 1140 316 comio
1195 270 1300 318 w
1359 245 1943 319 1NFE-RNo:

299 399 356 430 ex
385 383 492 430 ‘luce
528 382 665 436 Coeli,
700 395 807 444 quae
847 379 1003 427 multis
1042 377 1256 445 gradibus
1289 380 1466 429 excedit
1509 381 1653 428 lucem
1695 382 1871 438 mundi,
1909 381 2111 432 videatur
2144 383 2190 432 su
2228 402 2272 436 ra

300 446 361 495 n:
396 449 515 501 ηδ’,
547 447 737 494 audiu'nt
775 446 930 500 etiam,
952 461 1032 509 per
1066 442 1439 508 athmosphaeram
1479 445 1764 509 spiritualem,
1799 462 1905 512 quae
1943 449 2077 495 etiam
2119 453 2273 507 mutis

300 513 511 575 gradibus
552 512 725 559 excedit
763 509 1027 564 terrestrem,
1079 525 1144 558 n:
1173 526 1301 572 235;
1338 508 1584 562 differentia
1621 511 1822 560 sensuum
1869 512 2031 562 horum
2071 526 2274 562 externo-

299 595 402 625 rum
437 577 499 633 est
538 577 648 624 ficut
686 576 932 624 differentia
966 575 1071 622 clari
1111 574 1348 637 respective
1387 574 1442 634 ad
1481 574 1718 624 obscurum
1752 577 1894 626 nimbi
1918 579 1961 625 in
1989 580 2179 635 mundo,
2225 596 2276 626 ac
2336 628 2338 630 ,

303 643 413 691 sicut
454 643 564 690 lucis
605 641 789 688 meridie
827 641 884 687 ad
923 639 1131 686 umbram
1155 639 1364 702 vespere;
1400 639 1508 686 Lux
1530 642 1651 686 enim
1675 641 1797 696 Coeli
1827 644 1932 708 quia
1964 643 2025 689 est
2049 645 2275 691 Divinum

297 709 471 755 Verum
512 709 587 753 dat
626 706 738 753 visui
775 706 1081 767 Angelorum,
1115 715 1166 751 ut
1208 705 1495 751 minutiffima
1530 705 1922 768 appercipiantx&
1965 708 2272 772 distinguant;

298 772 611 836 correspondet
649 774 783 819 etiam
820 771 939 818 visus
977 786 1137 818 eorum
1179 782 1386 817 externus
1419 770 1532 819 visui
1563 771 1740 817 interno
1770 770 1854 821 seu*
1877 773 2133 832 intellectui,
2169 792 2275 825 nam

297 839 416 900 apud
442 838 643 901 Angelos
681 838 828 884 influit
868 852 983 884 unus
1007 835 1124 883 visus
1164 837 1209 882 in
1248 836 1455 891 alterum,
1491 847 1542 882 ut
1565 851 1710 882 unum
1733 847 1885 899 agant,
1920 834 2025 885 inde
2047 840 2132 886 illis
2158 853 2277 888 tanta

299 906 443 959 acies·‚
480 906 528 950 δε
552 913 734 966 quoque
768 902 968 949 fimiliter
1002 901 1315 964 correspondet
1352 902 1530 948 auditus
1567 903 1844 964 perceptioni
1878 917 2052 960 eorum,
2087 921 2191 968 quae
2215 907 2277 953 est

299 981 394 1016 tam
420 969 665 1016 intellectus
688 984 827 1032 quam
853 968 1111 1023 voluntatis,
1147 967 1252 1014 inde
1291 967 1336 1013 in
1375 967 1482 1014 sono
1520 967 1569 1014 δε
1604 966 1794 1014 vocibus
1822 967 2051 1030 loquentis
2079 974 2279 1035 apperci·

297 1039 429 1098 piunt
455 1036 744 1082 minutiffima
768 1033 1011 1082 affectionis
1034 1034 1082 1079 δε
1107 1033 1393 1095 cogitationis
1415 1030 1526 1095 ejus,
1563 1033 1609 1078 in
1642 1031 1751 1080 sono
1783 1032 1858 1079 illa
1890 1048 1997 1095 quae
2032 1033 2277 1084 affeetionis

298 1101 414 1157 sunt,
439 1103 500 1156 ,ὅτ
525 1102 570 1148 in
595 1100 783 1147 vocibus
809 1098 882 1145 illa
902 1114 1010 1160 quae
1035 1098 1335 1160 cogitationis,
1373 1098 1577 1144 videatur
1601 1096 1729 1160 supra
1751 1114 1779 1144 n
1802 1116 1812 1145 :
1841 1114 1936 1159 234
1961 1097 2019 1145 ad
2043 1116 2167 1161 ²45³
2204 1101 2277 1149 sed

299 1167 458 1230 reliqui
497 1165 640 1212 sensus
675 1163 796 1227 apud
820 1164 1026 1226 Angelos
1065 1178 1157 1210 non
1198 1174 1291 1209 tam
1330 1162 1537 1225 exquisiti
1576 1161 1691 1220 sunt,
1740 1163 1852 1210 ficut
1890 1163 2031 1212 sensus
2069 1165 2192 1213 visus
2225 1169 2284 1215 ὅσ

299 1233 493 1288 auditus,
525 1247 582 1278 ex
613 1228 736 1276 causa
768 1229 872 1291 quia
895 1227 1014 1275 visus
1043 1229 1094 1276 &
1132 1227 1311 1275 auditus
1348 1227 1592 1275 inserviunt
1627 1228 1933 1292 intelligentiae
1972 1230 2020 1276 &
2057 1229 2280 1292 sapientiae

297 1313 474 1352 eorum,
518 1296 588 1342 sed
629 1310 720 1341 non
759 1294 933 1357 reliqui,
974 1295 1055 1356 qui
1092 1293 1126 1340 fi
1165 1294 1211 1339 in
1248 1293 1379 1340 simili
1420 1294 1565 1356 gradu
1605 1295 1810 1357 exquisiti
1849 1293 2010 1351 forent,
2058 1295 2286 1345 auferrent⁴

298 1364 446 1410 lucem
469 1363 517 1408 ὅτ
541 1359 793 1421 jucundum
817 1359 1040 1422 sapientiae
1061 1374 1236 1416 eorum,
1273 1375 1321 1406 ac
1344 1357 1554 1406 inferrent
1580 1357 1840 1421 'jucundum
1864 1361 2148 1408 voluntatum
2173 1378 2279 1425 quae

297 1429 526 1485 variorum
565 1426 850 1490 appetituum
890 1426 939 1472 δε
980 1425 1198 1488 corporiS,
1233 1434 1339 1487 quae
1361 1436 1538 1471 tantum
1563 1424 1798 1472 obscurant
1820 1426 1869 1473 ὅτ
1892 1426 2124 1474 debilitant
2147 1428 2278 1475 intel-

296 1493 481 1548 lectum,
517 1503 739 1554 quantum
761 1491 1059 1554 praepollent3
1095 1502 1147 1537 ut
1179 1506 1363 1554 quoque
1403 1491 1455 1537 fit
1490 1491 1612 1553 apud
1652 1490 1854 1538 homines
1888 1493 1933 1539 in
1960 1493 2160 1548 mundo,
2197 1496 2277 1556 qui

298 1559 475 1606 tantum
498 1557 615 1604 obes1
639 1559 689 1604 ὅτ
711 1556 878 1620 stupidi
899 1555 1000 1603 sunt
1022 1557 1173 1619 quoad
1198 1571 1300 1603 vera
1331 1554 1589 1618 spiritualia,
1617 1568 1844 1620 quantum
1868 1557 2106 1620 indulgent
2127 1559 2278 1620 gustui

298 1626 348 1673 δε
383 1623 611 1671 lenociniis
650 1622 870 1671 tactilium
912 1622 1127 1684 corporis.
1199 1621 1342 1678 Quod
1382 1623 1515 1668 etiam
1556 1621 1783 1669 interiores
1829 1621 1972 1669 sensus
2012 1625 2277 1686 angelorum

297 1689 438 1745 Coeli,
472 1689 553 1751 qui
593 1686 692 1735 sunt
726 1687 1013 1750 cogitationis
1035 1687 1085 1734 &
1109 1685 1352 1734 affectionis
1387 1701 1565 1742 eorum,
1599 1687 1900 1749 exquisitiores
1923 1689 1974 1734 δε
1996 1689 2279 1750 perfectiores

297 1755 560 1816 fint„quam
583 1751 764 1800 fuerunt
787 1753 872 1799 illis
895 1753 940 1799 in
965 1751 1157 1808 mundo,
1181 1751 1389 1798 ÷constare
1412 1750 1558 1815 potest
1578 1768 1634 1799 ex
1658 1753 1743 1799 illis
1766 1768 1871 1815 quae
1894 1753 2014 1799 dieta
2033 1754 2080 1800 ὅτ
2109 1754 2280 1803 ostensa

297 1815 466 1867 suntin
490 1817 700 1866 Articulo
722 1818 777 1864 de
793 1817 1022 1880 Sapientia
1045 1817 1333 1878 Angelorum
1357 1816 1480 1863 Coeli
1504 1833 1561 1863 n:
1583 1817 1674 1878 265
1694 1818 1750 1863 ad
1776 1834 1885 1881 275.
1955 1817 2100 1879 Quod
2124 1832 2281 1879 autem>

297 1885 533 1933 discrimen
570 1882 703 1929 status
742 1882 923 1929 illorum
960 1882 1040 1944 qui
1076 1881 1123 1928 in
1145 1879 1328 1928 Inferno
1355 1881 1457 1928 sunt
1486 1881 1724 1945 respeffive
1756 1882 1813 1929 ad
1838 1882 1999 1929 statum
2025 1883 2204 1931 illorum
2229 1888 2275 1933 in

299 1950 473 1998 mundo
497 1949 668 2004 attinet,
703 1947 767 1995 est
790 1962 973 2011 quoque
1008 1946 1055 1993 id
1093 1961 1314 2010 magnum
1335 1969 1350 2002 3
1384 1959 1549 2010 quanta
1570 1949 1691 1995 enim
1716 1946 1928 2011 perfeftio
1950 1948 1999 1995 &
2020 1948 2276 1998 excellentia

296 2015 502 2064 sensuum
546 2025 834 2062 externorum
873 2013 922 2061 &
962 2013 1239 2060 internorum
1278 2011 1340 2060 est
1378 2014 1499 2075 apud
1523 2013 1726 2076 Angelos
1765 2015 1844 2077 qui
1884 2014 1928 2061 in
1968 2013 2129 2069 Coelo,
2156 2028 2276 2064 tanta

298 2078 579 2144 imperfectio
600 2079 663 2127 est
685 2078 807 2143 apud
831 2078 931 2126 illos
953 2080 1034 2141 qui
1057 2079 1104 2125 in
1128 2076 1310 2126 Inferno
1331 2100 1347 2134 ;
1379 2078 1454 2125 sed
1491 2078 1549 2126 de
1585 2079 1750 2127 horum
1781 2079 1896 2127 statu
1920 2081 1964 2126 in
1989 2078 2273 2143 sequentibus

298 2146 528 2211 agendum
551 2145 630 2193 est.
1507 2186 1509 2188 .

364 2213 475 2271 462.
515 2209 819 2268 Quod-homo
840 2226 865 2258 e
889 2211 1064 2259 mundo
1086 2210 1219 2267 etiam
1242 2209 1392 2258 secum
1415 2209 1571 2258 habeat
1603 2225 1789 2258 omnem
1824 2209 1946 2258 suam
1988 2213 2272 2270 memoriam,

299 2278 455 2326 multis
485 2276 708 2325 ostensum
741 2276 819 2333 est,
855 2277 912 2324 de
933 2293 1022 2340 qua
1045 2277 1171 2340 plura
1193 2288 1446 2324 memoratu
1468 2277 1608 2340 digna
1629 2275 1719 2324 visa
1744 2277 1793 2324 &
1823 2277 1974 2325 audita
2006 2277 2122 2335 sunt,
2158 2293 2273 2342 quo-

297 2359 400 2391 rum
443 2342 590 2406 aliqua
629 2342 765 2390 velim
803 2343 962 2390 ordine
999 2341 1187 2391 referre:
1233 2339 1414 2389 fuerunt
1458 2345 1537 2405 qui
1576 2355 1851 2405 negaverunt
1890 2342 1964 2390 sua
2001 2345 2191 2391 crimina
2226 2346 2277 2393 &

297 2410 479 2471 flagitia,
513 2423 619 2471 quae
658 2420 944 2472 patraverunt
986 2409 1032 2455 in
1070 2408 1280 2463 mundo;
1326 2408 1615 2472 quapropter,
1653 2425 1706 2456 ne
1747 2408 1937 2456 insontes
1976 2409 2274 2466 crederentur,

293 2476 449 2524 omnia
485 2474 656 2522 detecta
689 2472 810 2530 sunt,
844 2475 894 2521 &
933 2490 989 2522 ex
1031 2475 1248 2522 memoria
1287 2489 1444 2521 eorum
1485 2474 1691 2521 recensita
1733 2474 1834 2522 sunt
1879 2475 2034 2524 ordine
2069 2492 2094 2523 a
2129 2477 2274 2539 prima

297 2555 456 2588 eorum
490 2551 619 2587 aetate
648 2540 704 2586 ad
733 2539 974 2596 ultimam3
1008 2553 1131 2587 erant
1150 2541 1381 2604 'praecipue
1403 2536 1616 2588 adulteria
1637 2540 1686 2588 δε
1712 2538 2004 2588 scortationes.
2071 2542 2278 2589 Fuerunt

299 2607 380 2668 qui
402 2605 508 2653 alios
531 2604 697 2653 artibus
722 2605 849 2651 malis
881 2605 1171 2669 deceperunt,
1183 2607 1252 2653 .2&
1277 2607 1355 2669 qui
1388 2603 1521 2653 furati
1552 2605 1667 2662 sunt,
1701 2621 1857 2654 eorum
1879 2606 1995 2654 astus
2017 2607 2066 2659 &
2089 2605 2204 2654 furta
2227 2607 2272 2652 in

298 2672 402 2719 serie
423 2672 571 2719 etiam*
591 2681 846 2718 enumerata
878 2669 993 2727 sunt,
1029 2686 1226 2734 quorum
1250 2672 1380 2732 plura
1402 2672 1482 2718 vix
1518 2671 1600 2719 ulli
1634 2674 1681 2718 in
1719 2672 1894 2720 mundo
1931 2684 2035 2721 nota
2073 2671 2269 2728 fuerunt,

296 2752 435 2800 quam
470 2736 571 2800 ipsis
604 2736 738 2792 solis3
774 2748 1056 2800 agnoverunt
1087 2738 1222 2784 etiarn
1266 2736 1353 2793 illa,
1386 2737 1492 2800 quia
1515 2736 1788 2785 manifestata
1809 2737 1921 2786 ficut
1942 2740 1989 2787 in
2012 2740 2126 2793 luce,
2160 2752 2269 2783 cum

298 2803 424 2849 omni
444 2803 735 2865 cogitatione,
758 2802 1018 2860 intentione,
1043 2800 1268 2865 jucundo,
1292 2804 1470 2859 timore,
1505 2819 1611 2867 quae
1633 2815 1741 2851 tunc
1764 2820 1852 2852 una
1868 2803 2091 2852 versabant
2111 2817 2269 2850 eorum

297 2868 485 2915 animos.
553 2868 754 2915 Fuerunt
793 2869 872 2931 qui
914 2884 1098 2916 munera
1132 2882 1413 2931 acceperunt,
1448 2870 1497 2916 δε
1520 2869 1715 2932 quaestus
1753 2885 1808 2917 ex
1834 2868 2012 2933 judicio
2049 2866 2267 2924 fecerunt,

299 2931 364 2978 illi
402 2946 459 2978 ex
497 2934 711 2979 memoria
744 2932 818 2979 sua
856 2933 1056 2981 fimiliter
1093 2935 1310 2997 explorati
1347 2933 1463 2990 sunt,
1499 2935 1548 2981 &
1569 2951 1626 2983 ex
1649 2935 1724 2982 illa
1745 2935 1948 2983 recenfita
1972 2932 2079 2980 'sunt
2115 2935 2268 2984 omnia

300 3013 327 3044 a
358 2996 508 3059 primo
542 2995 783 3045 functionis
820 3013 979 3046 eorum
1013 3011 1218 3062 ternpore
1241 3000 1297 3046 ad
1318 2999 1573 3056 ultimum;
1608 3001 1780 3065 singula
1801 2998 1949 3063 quoad
1971 3011 2190 3061 quantum
2215 3000 2267 3046 δε

300 3061 446 3125 quale,
482 3075 590 3108 cum
626 3073 845 3125 tempore,
879 3062 992 3110 statu
1031 3066 1192 3111 mentis
1230 3080 1387 3112 eorum
1427 3082 1477 3112 ac
1514 3066 1774 3122 intentione,
1806 3079 1910 3127 quae
1949 3066 2100 3112 omnia
2136 3064 2267 3118 slmul

300 3127 347 3174 in
385 3125 735 3174 recordationem
773 3142 929 3174 eorum
970 3129 1172 3185 immissa,
1210 3130 1260 3176 ὅτ
1283 3131 1339 3177 ad
1363 3131 1507 3178 visum
1531 3132 1699 3181 ostensa
1719 3130 1834 3186 sunt,
1869 3145 1973 3192 quae
2004 3141 2126 3178 erant
2150 3130 2269 3177 ultra

297 3192 431 3258 plura
451 3202 661 3242 centena:
697 3192 784 3242 hoc
819 3191 986 3242 factum
1022 3193 1084 3244 est
1118 3210 1225 3243 cum
1263 3197 1500 3261 aliquibuS,
1532 3198 1583 3247 &
1604 3195 1730 3260 quod
1753 3195 1970 3253 mirabile,
2005 3196 2086 3260 ipsi
2109 3212 2269 3308 eorubm

1224 3273 1244 3306 1
2167 3262 2199 3309 li
2232 3264 2268 3308 ri
