2546 3786
554 175 1933 313 DssjcoEnQE‘T'INFERNO}
2136 237 2216 299 53

246 337 387 399 videt,
421 343 628 391 *naturalis
651 343 973 412 hOmQAEssscltz
991 341 1092 406 quia
1119 358 1208 390 non
1229 340 1354 390 videt
1383 343 1504 391 illam
1529 344 1687 402 oculis,
1725 359 1806 406 nec
1828 340 2073 407 appercipit
2097 342 2218 390 illam

247 411 550 471 cogitatione3
594 408 662 456 sed
687 408 980 471 multig‘usque
1014 410 1202 464 norunt,
1237 409 1285 455 δι’
1309 425 1492 472 quoque
1516 410 1636 457 illam
1660 409 1946 472 distinguunt
1974 424 1999 455 a
2022 409 2118 469 luce
2143 423 2220 455 na·
2245 452 2256 456 -

249 476 396 532 turali‚
440 476 484 521 in
508 491 596 537 qua
632 475 734 537 sunt
762 473 846 534 fq'ui
886 474 1140 529 naturaliter
1175 475 1223 520 δε
1249 489 1339 521 non
1379 475 1658 538 spiritualiter
1692 478 1923 538 cogitant:
1968 474 2221 521 naturaliter

248 543 464 602 cogitant,
507 533 748 605 quimodo
768 537 961 600 spec'tant
985 540 1030 585 in
1067 540 1312 596 mundum,
1354 535 1609 589 &naturae
1627 542 1781 589 omnia
1814 540 2052 595 tribuunt;
2095 540 2220 603 spiri-

248 607 424 653 tualiter
447 604 833 665 autemcogitant,
875 607 954 667 q'ui
989 603 1182 667 speciant
1217 606 1272 652 ad
1298 607 1491 663 coelum,
1533 624 1583 654 ac
1606 609 1780 655 Divino
1800 607 1964 667 *omnia
2000 605 2219 654 tribuunt.

249 670 395 734 Qod
438 671 546 718 Lux
583 683 686 715 vera
725 668 791 724 lit,
838 679 942 732 quae
983 668 1170 718 illustrat
1212 684 1427 729 mentem,
1475 673 1608 736 plane
1641 672 1848 722 distincta
1886 689 1913 719 a
1951 673 2075 728 luce,
2113 686 2220 734 qua:

246 734 843 797 lumenffnaturalehvocatun
888 728 1114 799 multoties
1153 738 1263 784 mihi
1304 739 1562 802 percipere,
1588 740 1646 798 δε,
1669 747 1852 803 quoque
1877 738 2028 784 videre
2061 737 2220 784 datum

244 803 343 856 est,
381 799 694 861 elevatus'sum
712 803 766 846 in
792 801 939 848 lucem
965 803 1084 848 illam
1110 804 1290 865 interius
1325 819 1406 865 per
1426 805 1613 866 gradus,
1651 806 1699 851 &
1724 806 1835 852 ficut
1870 803 2066 850 elevatus
2101 802 2217 858 sum,

245 861 538 919 illustrabatur
561 865 836 924 Intellefius,
877 866 1014 930 usque
1049 864 1228 914 tan'dem
1264 879 1315 914 ut
1339 870 1615 931 perciperem
1637 878 1742 930 quae
1766 885 1855 915 non
1879 871 2002 933 prius
2026 870 2222 932 percepi,
2260 900 2262 902 -

243 933 291 979 δε
315 931 495 978 tandem
531 932 631 978 talia
653 947 757 995 quae
781 949 834 979 ne
858 933 1043 995 quidem
1084 931 1406 996 comprehendi
1449 934 1617 995 poffem
1653 935 1925 996 cogitatione
1963 949 2018 985 ex
2052 935 2223 981 lumine

243 997 462 1052 naturali3
492 997 765 1059 ,indignatus
805 997 902 1044 sum
942 999 1233 1062 quandoque,
1272 999 1395 1061 quod
1437 1014 1528 1048 non
1570 998 2070 1062 comprehenderentur,
2114 995 2228 1045 cum

242 1075 391 1122 tamen
418 1063 529 1109 clare
552 1064 598 1110 &
623 1063 850 1126 perspicue
873 1076 1080 1128 percepta
1115 1064 1216 1112 sunt
1253 1058 1297 1111 i‘n
1325 1065 1434 1112 luce
1474 1064 1644 1112 coelesti
1660 1065 1758 1126 (ll).
1828 1065 1952 1123 Quia
1975 1064 2222 1112 Intellectus

242 1127 304 1174 est
328 1128 421 1186 lux,
441 1138 444 1140 ’
461 1129 562 1176 ideo
584 1129 750 1176 dicitur
782 1130 839 1176 de
864 1131 941 1177 illo
965 1128 1103 1177 simile
1126 1131 1253 1194 quod
1287 1130 1344 1177 de
1367 1131 1535 1186 Oculo,
1571 1130 1623 1177 ut
1644 1130 1773 1194 quod
1799 1131 1948 1177 videat
1970 1132 2018 1190 ὃς
2045 1133 2096 1176 ὶη
2124 1130 2224 1177 luce

241 1194 310 1251 fit,
353 1212 458 1250 cum
482 1195 688 1258 percipit,
724 1196 771 1242 δε
790 1197 916 1260 quod
945 1198 984 1244 ei
1015 1195 1257 1244 obscurum
1288 1198 1341 1245 ὅτ
1364 1197 1526 1244 umbra
1550 1196 1617 1253 fit,
1658 1213 1764 1244 cum
1800 1212 1890 1244 non
1925 1197 2131 1260 percipit,
2170 1196 2224 1243 &⁷

242 1260 398 1308 similia
421 1261 559 1324 plurim
745 1315 751 1322 ι
906 1276 911 1279 ’
1214 1307 1216 1309 ,

315 1335 419 1390 131.
455 1327 689 1385 Quoniam
715 1328 826 1386 Lux
862 1328 970 1374 coeli
1003 1327 1065 1375 'est
1088 1329 1313 1376 Divinum
1337 1330 1529 1384 Verum,
1567 1329 1670 1376 ideo
1701 1345 1883 1392 quoque
1907 1329 2016 1376 Lux
2051 1327 2123 1374 illa
2158 1325 2220 1373 est

240 1394 408 1440 Divina
423 1391 641 1455 ,sapientia
662 1395 710 1440 &
735 1390 1059 1457 intelligentia,
1102 1395 1221 1441 unde
1255 1396 1376 1442 idem
1403 1396 1666 1458 intelligitur
1690 1412 1768 1458 per
1791 1397 1950 1450 elevari
1976 1397 2019 1441 in
2043 1395 2221 1440 Lucem

241 1460 367 1515 coeli,
412 1460 539 1521 quod
578 1475 655 1522 per
693 1459 853 1506 elevari
894 1462 939 1506 in
978 1460 1316 1522 intelligentiam
1367 1463 1413 1508 &
1455 1460 1708 1523 sapientiam
1743 1476 1792 1509 ac
1828 1460 2063 1514 illustrari3
2102 1475 2222 1520 qua-

241 1538 424 1588 propter
447 1525 555 1571 Lux
577 1525 698 1586 apud
722 1525 928 1588 Angelos
961 1526 1024 1572 est
1057 1526 1233 1588 prorsus
1272 1529 1317 1572 in
1341 1527 1500 1574 eodem
1526 1527 1668 1588 gradu
1703 1526 1947 1573 secundum
1974 1526 2223 1587 intelligen-

245 1593 353 1636 tiam
377 1592 424 1637 &
450 1590 711 1652 sapientiam
742 1607 916 1638 eorum.
988 1592 1114 1650 Quia
1135 1591 1246 1638 Lux
1270 1592 1376 1650 coeli
1407 1592 1468 1638 est
1491 1593 1666 1652 Divina
1697 1592 1919 1655 sapientia,
1943 1592 2045 1638 ideo
2068 1606 2225 1638 ornnes

243 1655 578 1718 'cognoscuntur
610 1656 759 1720 quales
794 1657 894 1703 sunt
929 1657 975 1703 in
1013 1657 1112 1704 luce
1146 1657 1272 1714 coeli,
1319 1658 1529 1705 interiora
1564 1656 1757 1720 cujusvis
1790 1670 1946 1721 patent
1980 1657 2041 1704 ibi
2081 1658 2124 1704 in
2163 1655 2225 1703 fa-

241 1723 324 1778 cie,
361 1720 536 1785 prorsus
559 1723 706 1784 qualia
729 1722 845 1779 sunt,
883 1739 963 1769 nec
999 1725 1244 1770 minimum
1281 1723 1415 1771 latet:
1459 1726 1631 1787 Angeli
1664 1725 1891 1771 interiores
1913 1725 2050 1770 etiam
2075 1734 2227 1769 amant

240 1800 292 1834 ut
326 1790 480 1835 omnia
518 1788 638 1851 apud
676 1788 775 1835 illos
798 1801 992 1852 pateant,
1034 1791 1249 1852 quoniam
1275 1806 1366 1837 non
1393 1789 1470 1837 nifi
1493 1805 1632 1854 quam
1670 1792 1841 1837 bonum
1867 1791 2060 1845 volunt,
2102 1789 2225 1849 aliter

238 1856 319 1916 qui
343 1853 455 1900 infra
477 1856 671 1910 coelum,
711 1855 759 1901 ὅτ
783 1871 873 1901 non
898 1855 1072 1902 bonum
1097 1855 1276 1912 volunt,
1315 1855 1377 1902 illi
1401 1856 1505 1903 ideo
1538 1856 1858 1905 valdertiment
1893 1869 1945 1904 ut
1974 1855 2225 1919 specientur

240 1922 286 1966 in
310 1920 409 1967 luce
442 1919 576 1966 coeli:
613 1921 661 1966 &
682 1920 809 1983 quod
834 1922 1019 1977 mirum,
1051 1922 1133 1984 qui
1166 1923 1213 1967 in
1246 1919 1430 1968 inferno
1445 1920 1564 1979 sunt,
1596 1922 1659 1968 illi
1697 1925 1810 1969 inter
1849 1923 1890 1969 se
1925 1935 2138 1985 apparent
2171 1933 2223 1968 ut

240 1985 461 2041 homines,
501 1984 574 2031 sed
615 1986 660 2030 in
696 1985 795 2032 luce
826 1987 934 2032 coeli
974 1997 1026 2032 ut
1056 1986 1270 2043 monstra,
1306 1985 1667 2046 horrenda‘facie
1693 1989 1742 2035 ὅτ,
1767 1988 1993 2034 horrendo
2014 2002 2221 2049 corpore,

193 2058 195 2060 ’
237 2050 415 2114 prorsus
454 2052 500 2096 in
539 2048 688 2110 forma
726 2051 790 2095 sui
829 2051 932 2097 mali
957 2053 1106 2116 (mm).
1176 2041 1390 2099 Similiter
1426 2065 1609 2114 apparet
1644 2054 1787 2100 homo
1819 2053 1971 2115 quoad
2015 2052 2221 2116 spiritum

240 2117 389 2172 suum,
427 2131 534 2162 cum
558 2114 776 2178 spectatur
804 2116 860 2162 ab
883 2116 1095 2179 Angelis,
1137 2116 1169 2163 fi
1193 2116 1343 2167 bonus,
1369 2129 1553 2180 apparet
1583 2130 1634 2164 ut
1673 2118 1818 2171 homo
1847 2117 2031 2180 pulcher
2069 2117 2223 2164 secun-

239 2184 352 2230 dum
375 2180 471 2245 ejus
494 2181 686 2238 bonum,
709 2182 741 2229 fi
766 2181 907 2241 malus
931 2195 982 2229 ut
1003 2181 1273 2240 monstwm,
1298 2182 1502 2230 deforme
1517 2182 1762 2246 secundum
1785 2182 1881 2246 ejus
1900 2186 2086 2233 malum.
2111 2182 2227 2230 Inde⁴

237 2261 374 2312 patet,
409 2247 536 2310 quod
558 2249 712 2294 omnia
745 2246 1077 2309 manifestentur
1099 2249 1145 2296 in
1168 2249 1300 2314 Luce
1323 2250 1464 2307 coeli,
1484 2249 1835 2324 fmanifestantyo
1857 2251 1961 2313 quia
1981 2250 2090 2297 Lux
2111 2249 2220 2297 coeli

239 2313 303 2361 est
327 2315 550 2373 Divinum
572 2314 762 2362 Verum.
987 2328 989 2330 ’
2124 2351 2126 2354 f

311 2396 415 2444 132⁷.
452 2379 577 2441 Quia
593 2380 820 2429 Divinum
837 2380 1012 2429 Verum
1028 2381 1098 2429 ,est
1119 2382 1229 2429 Lux
1252 2380 1299 2428 in
1323 2383 1488 2440 Coelis,
1514 2382 1618 2432 ideo
1639 2383 1794 2431 omnia
1815 2391 1945 2439 vera,
1960 2382 2221 2446 ubicunque

237 2444 354 2503 sunt,
378 2444 480 2492 five
503 2445 616 2493 intra
637 2447 893 2509 Angelum,
933 2447 1024 2496 five
1046 2461 1171 2497 extra
1203 2448 1352 2506 illum,
1393 2462 1494 2497 tum
1520 2449 1611 2497 five
1634 2450 1750 2496 intra
1771 2448 1934 2506 coelos,
1976 2449 2067 2496 five
2096 2460 2220 2496 extra

1197 2521 1203 2524 ⁶
2099 2515 2218 2571 illos,

240 2636 371 2691 qualia
399 2635 488 2676 sunt
508 2648 600 2675 vera
628 2649 680 2676 ex
708 2635 833 2683 bono,
866 2648 889 2675 a
908 2634 1053 2689 quibus,
1068 2633 1279 2684 formatus,
1307 2649 1363 2677 n:
1390 2637 1542 2691 10064.
1604 2634 1729 2688 Quod
1757 2628 1983 2678 I'ntelleEiui
2015 2634 2062 2675 fit
2095 2633 2167 2676 lux
2193 2648 2218 2675 e

240 2693 363 2744 eoelo,
394 2692 492 2733 ficut
512 2692 607 2732 visui
633 2692 708 2733 lux
730 2707 753 2733 e
778 2691 948 2740 mundo,
980 2705 1033 2733 n:
1058 2704 1182 2746 1524.
1203 2705 1328 2747 5114.
1349 2694 1476 2736 6608.
1494 2694 1624 2750 9128.
1684 2687 1810 2748 Qod
1831 2692 1925 2734 Lux
1960 2692 2054 2733 coeli
2080 2706 2105 2733 a
2126 2691 2218 2733 Do-

241 2751 352 2792 mino
382 2751 533 2803 semper
564 2750 664 2803 apud
696 2750 901 2791 hominem
936 2747 1048 2798 adfit,
1077 2750 1141 2792 sed
1171 2750 1279 2804 quod
1306 2761 1465 2792 tantum
1491 2752 1648 2802 influat,
1678 2759 1875 2805 quantum
1900 2752 2026 2792 homo
2051 2749 2095 2791 in
2120 2763 2217 2792 vero

243 2821 294 2848 ex
323 2808 431 2850 bono
462 2806 533 2864 est,
566 2821 591 2846 n
612 2820 620 2846 ε
642 2807 767 2860 4060.
787 2819 915 2866 4213.
1103 2853 1106 2855 Α
1538 2859 1542 2862 ι

299 2863 374 2920 (ΙΙ)
405 2863 528 2917 Quod
557 2864 680 2905 homo
713 2877 807 2917 cum
839 2865 1014 2907 elevatur
1036 2879 1068 2906 >a
1097 2862 1276 2913 sensuali,
1320 2865 1361 2906 in
1392 2865 1704 2907 lumen-mitius
1727 2863 1878 2913 veniat,
1910 2864 1950 2906 ὅτ,
1980 2864 2143 2906 tandem
2173 2865 2216 2905 in

238 2920 373 2962 lucem
405 2921 623 2972 coelestem,
656 2935 708 2962 n:
729 2922 855 2978 6313.
887 2921 1013 2975 6315.
1044 2933 1172 2978 9407.
1235 2920 1358 2972 Quod
1389 2923 1556 2975 adiualis
1588 2923 1757 2966 elevatio
1790 2923 1833 2964 in
1866 2921 2000 2963 lucem
2025 2922 2120 2964 coeli
2143 2921 2212 2970 fit,

240 2992 335 3019 cum
357 2979 479 3020 homo
496 2980 538 3020 in
557 2979 879 3035 intelligentiam,
911 2991 967 3018 n:
989 2990 1115 3034 3190.
1174 2978 1268 3022 Lux
1294 2990 1442 3035 quanta
1470 2991 1673 3037 percepta,
1703 2993 1799 3023 cum
1829 2978 2020 3023 abductus
2047 2978 2136 3022 sum
2163 2980 2223 3021 ab·

242 3036 337 3076 ideis
364 3035 588 3085 mundanis,
619 3050 675 3079 n:
703 3037 823 3092 1526.
846 3034 974 3077 6608.
1081 3084 1084 3089 Ι
1591 3058 1594 3062 .

298 3092 418 3147 (mm)
439 3089 572 3146 *Qod
592 3091 664 3143 illi,
693 3095 761 3148 qui
788 3094 828 3135 in
856 3090 1019 3133 infernis
1043 3091 1149 3144 sunt,
1181 3095 1224 3137 in
1243 3095 1314 3138 suo
1331 3094 1499 3146 lumine,
1530 3094 1638 3149 quod
1660 3093 1715 3136 est
1734 3093 1872 3137 lumen
1891 3093 1990 3136 ficut
2010 3108 2062 3136 ex
2074 3093 2214 3151 'ignitis

240 3148 494 3198 carbonibus,
519 3161 732 3202 appareant
761 3149 830 3192 fibi
863 3149 960 3191 ficut
984 3148 1192 3205 homines
1231 3153 1294 3196 sed
1330 3153 1384 3198 in·
1403 3153 1494 3196 luce
1526 3152 1623 3196 coeli
1653 3151 1754 3196 ficut
1784 3151 1978 3205 monstra.
2008 3166 2064 3196 n:
2084 3162 2212 3207 4532*

241 3219 370 3263 4533·
388 3206 516 3262 4674·
533 3203 947 3265 ⁵0⁵7·35058‚..§605.
965 3205 1104 3254 6626„
1136 3259 1138 3261 ¹

1079 3415 1113 3428 ,d
