2546 3786
351 266 485 313 1120
671 249 789 311 nn
844 240 1392 312 conto-m-
1453 249 1819 314 maan
1845 201 2026 315 Nor

345 388 531 436 genere,
566 374 613 420 &
639 370 749 423 dixi,
782 367 908 432 quod
945 367 1320 416 homo-Ecclesiae
1353 370 1538 431 quidem
1563 367 1697 426 dicat,
1732 370 1857 433 quod
1887 386 2025 418 omne
2050 371 2227 421 bonum
2263 373 2344 421 fis

348 456 375 486 a
401 441 515 491 Deo,
555 440 602 486 δε
631 434 755 498 quod
780 434 946 495 Angeli
979 433 1064 480 sint
1089 433 1210 494 apud
1235 434 1486 490 hominem,
1526 434 1599 486 sed
1622 437 1748 500 quod
1785 434 1923 498 usque
1951 439 2081 498 pauci
2116 440 2315 495 credant,
2339 460 2341 462 ·

344 505 476 567 ¹quod
500 503 582 549 sint
606 500 832 562 conjuncti
858 499 1046 555 bomini,
1073 499 1220 544 minus
1244 500 1371 560 quod
1393 500 1477 546 sint
1501 501 1545 547 in
1570 502 1842 563 cogitatione
1866 502 1914 548 &
1931 501 2169 550 'affectione
2187 501 2284 566 'ejus
2305 523 2316 551 z

348 569 407 615 ad
437 570 534 615 haec
559 567 725 628 Angeli
747 565 969 618 dixerunt,
1009 563 1131 625 quod
1169 563 1304 610 sciant
1325 564 1450 626 quod
1487 566 1583 611 talis
1623 565 1732 613 fides
1769 567 1816 613 &
1841 566 1978 628 usque
2018 568 2323 630 talisffoquela

341 634 475 680 'sitin
502 633 690 684 mundo,
728 631 775 677 &
803 630 996 676 maxime
1029 630 1140 674 intra
1165 629 1427 685 Ecclesiam,
1467 631 1593 692 quod
1619 630 1921 688 mirati-*suna
1962 633 2038 678 ubi
2075 646 2223 680 tamen
2260 635 2323 680 est

354 699 574 752 Verbum,
610 696 734 759 quod
760 695 859 741 illos
885 694 1017 741 docet
1057 694 1112 740 cle
1136 695 1290 749 Coelo,
1326 696 1374 741 &
1399 696 1455 743 de
1492 693 1585 758 ejus
1624 692 1936 757 conjunciione
1975 713 2080 745 cum
2106 699 2321 754 homine3

349 779 459 810 cum
485 775 634 809 tamen
658 761 753 808 talis
777 758 1035 822 conjunctio
1059 759 1126 815 fit,
1165 772 1214 806 ut
1236 760 1377 806 homo
1414 776 1467 806 ne
1492 761 1736 806 minimum
1771 762 1966 822 cogitare
2004 765 2134 825 poffit
2164 764 2324 827 absque

352 827 576 890 spiritibus
611 827 651 873 ei
683 823 918 888 adjunctis,
959 826 1008 871 δε
1043 824 1169 887 quod
1207 827 1301 872 vita
1336 824 1430 885 ejus
1470 825 1703 888 spiritualis
1744 824 2103 887 indessp'endeat:
2151 830 2323 877 causam

353 893 620 955 ignorantiae
644 890 774 952 hujus
796 893 856 937 rei
879 891 1090 937 dixerunt
1107 890 1207 945 effe,
1244 891 1370 953 quod
1405 891 1546 937 horno
1578 890 1730 936 credat
1766 888 1808 935 se
1830 891 1981 939 vivere
1996 903 2068 941 -ex
2098 893 2139 942 se
2164 895 2325 957 absque

354 975 476 1005 nexu
512 974 619 1006 cum
645 959 801 1005 Pritno
825 956 925 1003 Effe
948 956 1073 1011 vitae,
1098 956 1147 1002 &
1170 956 1295 1018 quod
1319 972 1410 1002 non
1438 957 1542 1009 sciat
1561 955 1691 1018 quod
1715 969 1854 1002 nexus
1879 956 1952 1004 ille
1975 956 2028 1004 fit
2050 960 2326 1020 perCoelos,

351 1040 463 1083 cum
504 1036 651 1071 tamen
683 1023 851 1078 homo,
888 1020 918 1067 si
953 1018 1196 1067 solveretur
1230 1021 1304 1067 ille
1345 1037 1500 1077 nexus,
1553 1022 1768 1074 actutum-
1790 1021 1965 1068 caderet
2012 1036 2249 1073 mortuus:
2296 1029 2327 1073 fi

355 1090 500 1137 homo
522 1090 721 1137 crederet
743 1088 855 1134 ficut
877 1102 944 1132 res
967 1088 1012 1132 in
1035 1084 1075 1131 se
1097 1085 1176 1141 est,
1216 1086 1341 1147 quod
1365 1102 1502 1134 omne
1526 1086 1698 1133 bonurn
1726 1085 1785 1132 'fit
1818 1103 1843 1133 a
1862 1087 2084 1144 Domino,
2119 1091 2169 1136 &
2191 1107 2329 1139 omne

357 1156 532 1203 malum
563 1155 618 1203 ab
641 1152 831 1211 inferno,
874 1164 982 1198 tunc
1007 1166 1097 1198 non
1123 1150 1296 1196 bonum
1321 1150 1440 1213 apud
1473 1150 1514 1197 se
1540 1151 1822 1211 meritorium
1846 1150 2025 1209 faceret,
2066 1169 2147 1201 nec
2180 1152 2331 1220 impu-

357 1220 524 1270 taretur
545 1222 584 1267 ei
611 1219 796 1272 malum,
815 1233 817 1235 ·
838 1215 1025 1262 nam-fic
1049 1215 1094 1261 in
1118 1216 1244 1262 omni
1280 1216 1401 1263 bono
1424 1217 1558 1280 <quod
1596 1217 1766 1278 cogitat
1803 1217 1852 1264 ὅτ.
1886 1216 1992 1265 facit
2031 1218 2241 1281 spectaret
2273 1224 2331 1270 ad

359 1288 633 1339 Dominum,
666 1284 717 1330 &
739 1297 876 1329 omne
901 1281 1090 1337 malum,
1125 1281 1250 1344 quod
1272 1281 1434 1338 influit,
1474 1280 1724 1346 rejiceretur
1760 1283 1818 1329 ad
1840 1280 2068 1331 infernum
2099 1285 2218 1332 unde
2239 1287 2327 1335 est:

359 1352 432 1398 sed
456 1353 562 1412 quia
584 1349 726 1396 homo
759 1363 849 1394 non
873 1347 1016 1394 credit
1049 1347 1244 1410 aliquem
1269 1348 1492 1394 influxum
1532 1364 1557 1396 e
1593 1347 1714 1394 coelo
1751 1348 1800 1394 δε
1839 1364 1896 1402 ex
1929 1348 2121 1407 inferno,
2156 1352 2205 1398 ὅτ
2228 1353 2348 1400 ὶῐιεὶε,

358 1428 487 1479 putat
508 1414 633 1478 quod
657 1415 704 1460 in
728 1413 768 1460 se
791 1414 840 1460 δε
864 1413 968 1460 inde
991 1412 1126 1475 quod‘
1153 1428 1179 1458 a
1211 1412 1252 1459 se
1281 1412 1365 1459 fint
1389 1414 1541 1460 omnia
1561 1428 1668 1476 quae
1690 1413 1929 1474 cogitat&
1949 1431 2055 1478 quae
2077 1415 2195 1473 vult,
2229 1418 2339 1466 ideo

359 1482 434 1530 ille
455 1480 712 1545 appropriat
726 1479 815 1537 ,fibi
838 1478 1028 1535 malum,
1063 1479 1111 1527 &
1137 1477 1308 1527 bonum
1332 1479 1632 1543 quodjnfluit
1653 1478 1915 1542 conspurcat
1936 1482 2111 1529 meritc.

324 1669 340 1671 ’ἦ
362 1670 483 1750 De
510 1666 1046 1770 Conjuncffione
1077 1665 1271 1744 Coeli
1301 1696 1474 1777 cum
1507 1668 1801 1748 homine
1840 1698 1966 1778 per
1980 1670 2331 1754 Verbum.
2362 1713 2364 1716 ·

363 1889 422 1939 30
427 1891 468 1937 3.
558 1872 698 1920 LLI
731 1873 810 1936 qui
842 1887 899 1919 ex
922 1872 1090 1920 ratione
1113 1872 1318 1921 interiore
1338 1871 1560 1936 cogitant,
1596 1872 1750 1920 videre
1772 1873 1952 1934 possunt
1974 1875 2100 1937 quod
2124 1877 2335 1925 omnium

586 1953 724 1986 nexus
746 1938 800 1984 fit
821 1954 899 2001 per
921 1939 1313 1993 intermediafficum
1337 1939 1509 1995 Primo,
1551 1938 1601 1984 δι’
1623 1938 1750 2000 quod
1790 1940 2008 2003 quicquid
2032 1957 2124 1989 non
2147 1943 2193 1988 in
2218 1958 2336 1989 nexu

361 2001 443 2060 est,
477 2005 649 2051 diffluat
670 2026 686 2058 ς
727 2002 869 2050 sciunt
892 2005 1031 2059 enim,
1066 2020 1173 2051 curn
1198 2006 1418 2068 cogitant,
1452 2003 1577 2067 quod
1602 2003 1710 2050 nihil
1734 2003 1956 2052 subsistere
1976 2009 2108 2067 poffit
2129 2023 2154 2053 a
2176 2007 2233 2062 se,
2268 2007 2344 2055 sed

362 2087 388 2116 a
406 2071 548 2132 priori
572 2070 630 2127 se,
665 2071 725 2117 ita
758 2070 911 2117 omnia
947 2086 973 2116 a
994 2069 1152 2117 Primo
1171 2092 1187 2124 ;
1235 2072 1285 2118 ὅτ
1308 2069 1435 2132 quod
1468 2083 1615 2116 nexus
1644 2084 1752 2116 curn
1787 2070 1925 2132 priori
1958 2069 2000 2116 se
2038 2071 2092 2118 fit
2130 2071 2241 2119 ficut
2279 2073 2343 2119 est

363 2135 547 2182 effectus
588 2150 695 2181 cum
735 2133 811 2181 sua
847 2133 973 2181 causa
1009 2134 1242 2191 efficiente,
1277 2149 1384 2181 cum
1422 2134 1543 2181 enim
1581 2131 1776 2181 aufertur
1813 2133 1937 2181 causa
1973 2136 2166 2184 efficiens
2204 2154 2228 2183 a
2264 2137 2345 2185 suo

366 2200 545 2256 effectu,
583 2212 691 2247 tunc
725 2199 911 2246 effectus
945 2200 1131 2247 solvitur
1160 2201 1211 2248 &
1250 2200 1460 2248 dilabitur
1481 2217 1493 2247 ε
1516 2200 1632 2262 ‘quia
1651 2201 1710 2247 ita
1733 2201 2044 2263 cogitaverunt
2065 2202 2203 2258 docti,
2239 2203 2343 2251 ideo

369 2266 581 2313 viderunt
627 2268 673 2313 &
717 2265 945 2321 dixerunt,
993 2265 1119 2328 quod
1160 2265 1430 2313 subsistentia
1470 2265 1525 2312 fit
1573 2278 1787 2328 perpetua
1830 2265 2072 2322 existentia,
2124 2269 2183 2315 ita
2218 2269 2345 2331 quod

371 2332 523 2378 omnia
559 2347 584 2377 a
617 2330 789 2388 Prim0,
825 2347 849 2378 a
872 2331 986 2394 Qo
1020 2333 1128 2394 quia
1164 2331 1441 2387 exstiterunt,
1475 2330 1610 2379 etiam
1645 2343 1866 2395 perpetuo
1902 2332 2105 2388 existant,
2142 2333 2227 2380 hoc
2261 2334 2342 2390 est,

368 2396 608 2444 subfistant.
677 2396 765 2443 Sed
801 2397 942 2460 qualis
980 2395 1044 2443 est
1084 2412 1223 2444 nexus
1259 2395 1452 2457 cujusvis
1486 2398 1551 2443 rei
1578 2411 1686 2443 cum
1719 2397 1858 2460 priori
1881 2396 1940 2454 se,
1974 2399 2035 2445 ita
2056 2414 2168 2445 cum<
2187 2399 2345 2447 Primo

368 2479 394 2508 a
419 2464 528 2519 Quo
548 2463 717 2518 omnia,
753 2478 844 2509 non
873 2463 1025 2526 paucis
1059 2461 1148 2509 dici
1177 2463 1338 2526 potest,
1372 2463 1477 2525 quia
1498 2460 1561 2508 est
1583 2462 1730 2509 varius
1763 2464 1812 2511 ὅτ
1848 2462 2077 2519 diversus3
2114 2465 2158 2511 in
2183 2459 2345 2527 genere

371 2528 517 2580 solum
541 2529 669 2590 quod
693 2543 833 2575 nexus
856 2529 909 2575 fit
933 2528 1106 2575 Mundi
1128 2528 1334 2576 naturalis
1370 2543 1478 2575 cum
1502 2527 1687 2576 Mundo
1707 2527 1938 2591 spirituali,
1962 2530 2151 2592 &quod
2175 2530 2275 2576 inde
2291 2530 2345 2577 fit

371 2593 498 2656 quod
522 2592 922 2656 Correspondentia
945 2592 997 2640 fit
1019 2594 1227 2640 omnium
1251 2609 1355 2657 quae
1379 2595 1424 2639 in
1448 2593 1633 2640 naturali
1658 2593 1833 2641 mundo
1862 2595 1963 2641 sunt
1995 2611 2101 2642 cum
2134 2595 2345 2643 omnibus

371 2675 476 2721 qruae
500 2659 544 2705 in
569 2658 796 2721 spirituali,
821 2659 876 2706 de
892 2673 980 2721 qua
1003 2659 1402 2721 Correspondentia
1424 2658 1629 2705 videatur
1653 2676 1680 2705 n
1702 2677 1712 2705 :
1744 2677 1832 2722 103
1859 2660 1915 2706 ad
1939 2675 1956 2705 1
1971 2673 2026 2722 15
2052 2683 2067 2716 ;
2097 2672 2194 2708 tum
2218 2661 2346 2722 quod

374 2739 513 2771 nexus
537 2724 589 2771 fit
620 2724 670 2771 &
703 2723 807 2770 inde
831 2723 1229 2787 Correspondentia
1264 2725 1473 2774 omnium
1511 2724 1706 2772 hominis
1743 2741 1849 2772 cum
1885 2727 2096 2775 omnibus
2115 2724 2252 2783 Coeli,
2288 2727 2346 2773 de

373 2805 461 2852 qua
482 2790 618 2837 etiam
643 2789 769 2851 supra
794 2806 821 2836 n
842 2807 852 2837 :
882 2792 940 2853 87
964 2789 1020 2837 ad
1051 2803 1152 2838 102.

445 2872 553 2916 304.
590 2855 755 2902 Homo
777 2856 838 2902 ita
859 2867 1030 2901 creatus
1052 2854 1130 2912 est,
1166 2867 1217 2902 ut
1245 2871 1411 2903 nexum
1446 2855 1494 2903 ὅτ
1528 2853 1887 2918 conjunctionem
1925 2855 2078 2903 habeat
2116 2871 2223 2902 cum
2247 2857 2349 2904 Do·-

380 2918 522 2973 mi'no,
557 2932 602 2965 at
633 2935 740 2966 cum
767 2920 957 2982 Angelis
979 2920 1101 2966 Coeli
1135 2921 1277 2968 modo
1308 2920 1715 2976 consociationem3
1749 2921 1875 2984 quod
1911 2935 2016 2968 cum
2041 2921 2233 2983 Angelis
2257 2939 2349 2970 non

379 2983 741 3046 conjunctionem
781 2982 854 3030 sed
896 2985 1036 3031 modo
1067 2984 1438 3033 consociationem
1475 2985 1645 3042 habeat,
1681 2986 1743 3034 est
1765 2988 1870 3050 quia
1891 2985 2030 3032 homo
2052 3002 2108 3032 ex
2132 2989 2352 3038 creatione

379 3048 443 3096 est
477 3047 628 3094 similis
653 3049 837 3111 Angelo
867 3050 1017 3111 quoad
1042 3049 1248 3098 interiora
1269 3067 1374 3114 quae
1399 3053 1558 3098 mentis
1583 3052 1699 3108 sunt,
1734 3051 1884 3098 similis
1923 3052 2043 3098 enim
2083 3052 2256 3099 homini
2287 3053 2351 3100 est

379 3113 588 3160 voluntas
628 3130 733 3176 quae
757 3115 958 3176 AngeIO,
993 3115 1039 3162 &
1080 3116 1234 3163 similis
1273 3119 1313 3163 ei
1352 3116 1634 3173 intelleCiu33
1669 3115 1771 3163 inde
1801 3114 1879 3171 est,
1914 3117 2041 3179 quod
2079 3116 2218 3165 homo
2251 3119 2351 3181 post
2380 3137 2382 3139 ·

315 3238 317 3240 v
374 3179 574 3237 obitum,
610 3179 641 3227 fi
665 3181 833 3229 vixerat
855 3180 1098 3230 secundum
1123 3181 1330 3232 ordinem
1353 3182 1595 3241 Divinum,
1629 3172 1708 3230 fiat
1730 3180 1954 3245 Angelus,
1991 3183 2041 3232 δε
2077 3183 2204 3248 quod
2242 3194 2350 3230 tunc

2197 3247 2350 3296 similis
