2546 3786
629 218 747 282 DE
808 213 1164 279 coeto
1211 167 1318 276 5121-
1378 183 1946 301 ΙΝΕΕ-ΚΝΟ,
2151 237 2276 306 197

290 343 398 394 iibri
435 342 733 399 memoriales,
767 341 933 406 quibus
964 337 1276 401 inscripserunt
1312 339 1428 396 talia,
1464 342 1603 403 aperti
1640 341 1740 389 sunt
1775 342 1823 390 δε
1847 357 2002 390 coram*
2023 338 2107 390 illis
2132 343 2230 390 lecti
2253 362 2278 391 a

295 412 458 474 pagina
494 410 550 456 ad
591 409 816 472 paginam.
884 405 1102 460 Fuerunt,
1149 406 1228 467 qui
1269 405 1545 467 pellexerunt
1579 408 1776 468 virgines
1815 409 1869 454 ad
1908 408 2155 472 stupra&
2197 414 2275 471 qui

294 476 538 523 castitatem
579 475 822 526 violarunt,
866 469 917 516 δε
951 468 1005 514 ad
1052 469 1199 518 fimile
1231 468 1458 534 judicium
1498 475 1649 519 vocati
1694 471 1809 528 sunt,
1862 475 1910 520 δι
1956 491 2012 521 ex
2059 477 2276 523 memoria

292 555 452 588 eorum
489 541 763 604 deprompta
795 534 847 582 &
883 535 1058 581 recitata
1098 535 1302 598 fingula;
1352 536 1459 600 ipsae
1497 536 1628 585 facies
1666 538 1898 601 virginum
1941 540 1990 586 &
2032 542 2274 588 mulierum

295 605 554 654 fistebantur
623 615 768 664 unque
806 599 918 649 ficut
957 598 1209 662 praesentes,
1244 618 1365 649 curn*
1387 603 1514 660 locis,
1549 604 1756 666 loquelis,
1791 605 1840 651 ὅτ,
1877 605 2052 662 animis,
2101 608 2148 652 &
2186 607 2273 654 hoc

293 683 386 718 tam
423 671 568 719 subito
588 621 716 716 fflcut
754 680 862 713 cum
900 665 1012 728 quid
1049 667 1105 713 ad
1129 667 1275 715 visum
1301 668 1495 723 sistitur3
1532 669 1778 732 perstabant
1807 669 2173 718 manifestationes
2195 673 2272 718 ali·

291 738 469 800 quoties
508 747 588 798 per
625 732 768 779 horas.
840 732 963 787 Fuit,
998 734 1078 793 qui
1115 736 1365 795 vituperare
1401 734 1507 781 alios
1543 751 1625 795 pro
1655 736 1796 782 nihilo
1825 739 2083 800 reputavit;
2120 739 2272 785 audivi

292 802 519 850 recensitas
539 800 584 845 in
607 798 764 845 ordine
790 799 1154 861 vituperationes,
1187 800 1237 845 ὅτ,
1261 815 1442 862 quoque
1467 796 1857 863 blasphemationes
1887 801 1982 865 ejus
2020 819 2127 849 cum
2170 805 2273 867 ipsis

291 869 452 920 verbis,
487 864 543 910 de
566 863 729 927 quibus
763 862 975 927 personi5‚
1013 865 1060 910 &
1086 879 1237 910 coram
1261 865 1457 926 quibus;
1493 881 1599 927 quae
1638 869 1790 913 omnia
1829 869 2189 929 producebantur
2222 873 2272 918 δε

287 934 343 981 ad
362 932 528 978 vivum
563 929 820 978 fistebantur
857 928 988 975 simul
1008 950 1023 984 ·‚
1061 930 1107 975 δε
1135 941 1283 975 tamen
1308 929 1481 991 fingula
1504 931 1652 976 studio
1673 933 1893 980 occultata
1916 934 2096 982 suerunt
2117 933 2172 981 ab
2195 937 2274 983 illo

287 1012 394 1045 cum
421 997 534 1042 vixit
567 997 614 1043 in
652 995 839 1043 mundo.
907 994 1019 1041 Erat
1041 995 1246 1056 quidam,
1281 995 1361 1057 qui
1401 995 1581 1042 affinem
1620 995 1872 1058 deprivavit
1905 999 2161 1048 haereditate
2197 1000 2272 1048 sua

285 1063 368 1110 sub
393 1073 615 1125 praetextu
638 1059 830 1115 dolos03
866 1061 903 1106 is
925 1075 1106 1123 quoque
1135 1060 1333 1107 similiter
1365 1062 1598 1116 convietus
1631 1062 1677 1108 δι
1701 1060 1927 1124 judicatus
1960 1065 2036 1118 est,
2073 1066 2121 1112 δε
2144 1068 2268 1128 quod

285 1130 473 1183 mirum,
507 1126 708 1190 epistolae
742 1127 791 1174 δε
823 1125 1060 1182 schedulae,
1096 1141 1202 1188 quae
1226 1127 1339 1173 inter
1362 1126 1478 1183 illos,
1514 1127 1568 1174 ad
1592 1127 1797 1175 auditum
1824 1144 1977 1175 meum
2003 1130 2129 1176 1⁶²&ae
2154 1131 2269 1188 sunt,

283 1196 334 1242 &
356 1194 529 1241 dictum
569 1193 695 1255 quod
736 1197 826 1239 'non
849 1207 943 1239 vox
977 1191 1150 1239 deesset.
1220 1193 1347 1239 Idem
1387 1208 1584 1255 quoque,
1622 1208 1731 1240 mox
1769 1206 1869 1241 ante
1896 1205 2108 1242 'mortem
2149 1195 2270 1245 suam

284 1262 489 1306 vicinum
513 1258 789 1306 clandestine]
805 1258 979 1305 necavit
1004 1273 1193 1313 veneno,
1230 1257 1316 1305 hoc
1338 1273 1394 1304 eo
1419 1260 1559 1305 modo
1584 1259 1811 1307 detectum
1836 1260 1928 1315 est·,
1965 1261 2044 1307 sub
2081 1262 2269 1323 pedibus

266 1324 404 1372 'visus
443 1323 507 1371 est
546 1324 747 1372 scrobem
786 1323 997 1378 effodere,
1033 1339 1088 1370 ex
1126 1339 1215 1386 qua
1254 1323 1402 1371 effoffa
1439 1326 1580 1372 exivit
1619 1327 1688 1371 vir
1728 1326 1839 1373 ficut
1876 1342 1901 1373 e
1937 1325 2195 1390 sepulchro,¹
2221 1330 2271 1376 δε

283 1391 497 1438 clamavit
532 1391 587 1438 ad
627 1406 732 1437 eum
768 1390 879 1453 quid
916 1387 1055 1436 fecisti
1097 1390 1222 1444 mibi,
1257 1391 1449 1453 &tunc
1485 1389 1788 1438 revelabantur
1826 1394 1995 1448 omnia,
2032 1397 2271 1454 quomodo

286 1457 513 1503 veneficus
537 1458 679 1503 amice
701 1471 809 1502 cum
832 1471 887 1502 eo
911 1455 1125 1517 loquutus
1149 1455 1228 1510 est,
1263 1456 1313 1501 &
1349 1458 1548 1518 porrexit
1582 1459 1820 1518 poculum,
1856 1470 1954 1504 tum
1982 1459 2104 1521 ‹quid
2145 1461 2270 1521 prius

281 1524 517 1585 cogitavit,
554 1524 601 1569 ἃ,
626 1521 737 1585 quid
762 1521 910 1583 postea
931 1522 1110 1576 evenit;
1146 1520 1312 1583 quibus
1352 1522 1535 1568 deterstis
1566 1520 1795 1584 judicatus
1833 1523 1895 1569 est
1931 1523 1987 1570 ad
2023 1521 2264 1574 infernum:

282 1588 454 1644 Verbo,
488 1589 641 1635 omnia
680 1588 815 1642 mala,
859 1585 1068 1647 facinora,
1113 1586 1356 1642 latrocinia,
1402 1600 1535 1642 artes,
1578 1587 1688 1643 doli,
1742 1587 2076 1635 manifestantur
2120 1592 2268 1639 cuivis

282 1653 404 1700 malo
440 1652 631 1714 spiritui,
665 1667 716 1699 ac
750 1652 1080 1713 depromuntur
1118 1666 1174 1698 ex
1213 1650 1304 1714 ipsa
1341 1667 1496 1698 eorum
1538 1654 1768 1708 memoria,
1813 1654 1862 1701 δε
1898 1655 2229 1702 convincuntur
2250 1680 2266 1712 ·,

282 1734 363 1765 nec
402 1717 535 1764 datur
567 1717 760 1779 negandi
784 1716 926 1773 locus,
963 1717 1069 1779 quia
1090 1731 1247 1764 omnes
1272 1717 1618 1764 circumstantiae
1642 1717 1772 1765 simul
1796 1732 2021 1782 apparent.
2091 1722 2269 1769 Audivi

280 1785 415 1831 etiam
455 1799 511 1830 ex
551 1784 768 1830 memoria
805 1780 989 1844 alicujus
1020 1782 1076 1828 ab
1099 1782 1290 1845 Angelis
1325 1781 1415 1829 visa
1453 1784 1502 1830 δε
1540 1783 1732 1840 lustrata,
1767 1785 1880 1848 quid
1919 1787 2031 1832 intra
2071 1786 2266 1835 mensem

280 1851 557 1912 cogitaverat
593 1863 686 1896 uno
720 1848 793 1896 die
822 1836 923 1911 post
956 1847 1164 1902 alterum,
1200 1848 1247 1895 &
1285 1847 1371 1896 hoc
1406 1848 1567 1912 absque
1601 1847 1785 1906 fallacia,
1821 1865 1927 1912 quae
1948 1852 2268 1902 revocabantur

279 1916 394 1962 ficut
433 1913 523 1977 ipse
561 1915 606 1960 in
642 1914 728 1961 illis
763 1925 855 1962 erat
887 1912 976 1960 istis
1010 1912 1181 1960 diebus.
1252 1913 1326 1960 Ex
1362 1913 1429 1960 his
1459 1914 1679 1976 exemplis
1711 1915 1909 1962 constare
1942 1915 2103 1979 potest,
2139 1920 2264 1981 quod

280 1981 424 2028 homo
463 1996 649 2028 omnem
690 1980 956 2027 memoriam
992 1976 1143 2025 secum
1165 1977 1319 2027 ¹ferat:
1354 1979 1404 2026 &
1429 1979 1554 2042 quod
1588 1980 1696 2026 nihil
1733 1992 1824 2028 tam
1858 1982 2090 2029 occultum
2128 1983 2180 2031 fit
2219 1985 2268 2033 in

281 2045 475 2102 mundo,
511 2045 637 2107 quod
679 2062 770 2092 non
810 2045 864 2091 fit
905 2042 1188 2091 manifestum
1226 2044 1326 2107 po'st
1364 2058 1592 2100 mortem;
1627 2046 1677 2092 &
1702 2046 1856 2093 hocin
1890 2061 2007 2094 caetu
2043 2047 2263 2111 plurium,

280 2111 528 2159 secundum
570 2111 762 2157 Domini
799 2109 951 2165 verba,
1002 2113 1036 2136 ‘⁶
1078 2109 1207 2156 Nihil
1243 2110 1498 2157 reconditum
1537 2110 1607 2170 ast,
1642 2112 1751 2174 quod
1786 2127 1865 2158 non
1898 2114 2174 2174 retegendum,
2209 2116 2266 2164 ἐρ’

280 2177 395 2225 nihil
428 2179 630 2224 occultum
667 2176 778 2241 quod
810 2192 891 2224 non
926 2173 1270 2238 cognoscendum:
1315 2186 1537 2237 propterea
1577 2192 1668 2240 quae
1705 2178 1751 2223 in
1785 2178 1965 2225 tenebris
1998 2178 2172 2236 disnssis,
2219 2183 2266 2228 in

281 2243 372 2290 luce
415 2243 675 2299 audientum
725 2242 794 2310 ἑὸ),
815 2242 925 2307 quod
963 2245 1010 2288 in
1053 2257 1196 2289 aurem
1241 2241 1401 2306 loquuti
1438 2241 1544 2302 estis,
1579 2243 1712 2305 super
1748 2245 1869 2291 teHis
1906 2244 2272 2306 praedicabitur,''-

283 2309 418 2355 Luc:
445 2323 520 2355 xix
545 2326 556 2355 :
584 2324 626 2357 2.
654 2325 698 2369 3.

347 2373 461 2436 463.
497 2374 700 2430 Quando
733 2381 998 2435 reteguntur
1021 2372 1195 2420 homini
1219 2372 1313 2419 afta
1335 2371 1410 2420 sua
1431 2372 1530 2436 post
1555 2385 1768 2430 mortem,
1804 2385 1912 2422 tunc
1937 2375 2124 2439 Angeli,
2159 2379 2261 2440 qui·

281 2440 364 2487 bus
386 2441 544 2487 datum
567 2438 631 2485 est
654 2454 820 2485 munus
843 2438 1112 2502 inquirendi,
1148 2437 1389 2501 inspiciunt
1420 2437 1579 2486 faciem
1609 2437 1720 2502 ejus,
1754 2440 2091 2505 &pervagatur
2115 2445 2262 2506 inqui-

280 2506 379 2553 sitio
419 2520 498 2568 per
533 2505 789 2552 universum
826 2520 1007 2568 corpus,
1043 2504 1300 2566 incipiendo
1335 2521 1360 2551 a
1396 2503 1551 2568 digitis
1578 2506 1710 2552 unius
1732 2506 1780 2553 ὅτ,
1805 2506 1980 2553 alterius
2005 2523 2176 2564 manuS,
2211 2510 2261 2557 δε

281 2572 339 2619 fic
375 2571 607 2635 pergendo
644 2587 721 2634 per
762 2583 944 2619 totum:
981 2570 1084 2633 quia
1123 2570 1308 2617 miratus
1333 2569 1460 2634 sum,
1496 2571 1722 2618 undenam
1761 2572 1864 2628 hoc,
1901 2573 2126 2620 detectum
2165 2575 2258 2630 est;

280 2638 408 2700 quod
444 2652 607 2700 nempe
647 2636 757 2683 ficut
797 2636 968 2699 fingula
1005 2636 1288 2698 cogitationis
1321 2637 1370 2684 δε
1404 2637 1646 2684 voluntatis
1683 2636 1892 2700 inscripta
1926 2638 2025 2685 sunt
2048 2640 2259 2698 Cerebro,

280 2719 385 2751 nam
422 2702 482 2750 ibi
522 2718 675 2749 earum
716 2703 935 2766 principia
978 2700 1094 2757 sunt,
1131 2703 1190 2748 ita
1223 2717 1406 2765 quoque
1445 2702 1654 2765 inscripta
1689 2701 1789 2750 sunt
1831 2703 2033 2751 universo
2062 2708 2259 2768 corpori,

280 2770 494 2830 quoniam
534 2768 640 2814 illuc
678 2780 874 2830 pergunt
914 2769 1068 2815 omnia
1101 2767 1384 2830 cogitationis
1410 2768 1458 2814 δι
1483 2767 1723 2815 voluntatis
1753 2783 1778 2815 a
1807 2763 2035 2832 prinbipiis
2072 2771 2171 2826 suis,
2208 2772 2258 2818 δε

283 2834 346 2881 ibi
380 2836 673 2882 terminantur
697 2834 815 2880 utin
840 2832 925 2879 suis
960 2828 1329 2888 ultimis-,unde
1357 2832 1436 2889 est,
1471 2833 1597 2895 quod
1637 2849 1742 2896 quae
1781 2833 1985 2898 inscripta
2023 2834 2124 2885 sunt
2164 2853 2258 2884 me-

283 2899 443 2946 moriae
464 2915 520 2946 ex
541 2900 774 2947 voluntate
799 2899 848 2945 &
870 2899 974 2945 inde
997 2898 1267 2961 cogitatione
1302 2896 1411 2961 ejus,
1449 2914 1539 2945 non
1563 2901 1702 2947 modo
1725 2898 1932 2963 inscripta
1954 2900 2258 2949 sint-Cerebro

281 2965 356 3012 sed
380 2964 512 3018 etiam
535 2967 618 3012 toti
644 2965 832 3018 homini,
866 2980 915 3011 ac
949 2963 1012 3011 ibi
1043 2963 1226 3011 existant
1260 2965 1305 3010 in
1340 2965 1497 3011 ordine
1532 2963 1776 3012 secundum
1817 2966 2020 3013 ordinem
2062 2969 2257 3030 partium

281 3029 517 3093 corporis:
551 3030 654 3077 inde
685 3031 844 3095 patuit,
880 3030 1004 3094 quod
1030 3029 1169 3076 homo
1192 3030 1290 3077 talis
1315 3029 1367 3076 s1t
1390 3031 1435 3077 in
1461 3043 1574 3086 toto,
1610 3031 1752 3094 qualis
1773 3029 1904 3078 estin
1931 3032 2004 3079 sua
2027 3034 2256 3080 voluntate

284 3098 333 3148 ἃ.
357 3095 459 3146 inde
482 3095 767 3159 cogitatione,
801 3097 910 3145 adeo
949 3108 1001 3144 ut
1039 3094 1182 3144 malus
1221 3098 1362 3146 homo
1401 3095 1454 3144 fit
1491 3095 1620 3144 suum
1660 3097 1849 3154 malum,
1885 3098 1933 3145 δι
1959 3098 2101 3146 bonus
2127 3097 2253 3145 suum

2084 3164 2253 3213 bonum
