2546 3786
319 256 403 319 68
626 258 746 319 DE
801 250 1348 319 00111011-
1420 239 1994 322 INFERNd.

318 380 476 435 terris;
514 379 559 427 in
583 380 727 427 Coelis
756 379 909 427 omnia
940 377 1133 426 existunt
1169 394 1194 426 a
1220 374 1432 427 'Domino
1466 377 1711 426 secundum
1746 374 2151 442 correspondentias
2181 392 2289 431 cum

322 445 603 493 interioribus
625 446 908 508 Angelorum
928 461 939 491 ε
977 441 1078 491 sunt
1109 445 1231 491 enim
1256 443 1445 506 Angelis
1467 445 1674 491 interiora
1696 445 1744 491 &
1766 445 1995 500 exteriora,
2029 459 2134 507 quae
2156 447 2202 493 in
2218 450 2295 495 in·-

321 511 553 557 terioribus
586 510 766 558 illorum
801 509 916 567 sunt,
951 507 992 556 se
1016 506 1211 556 referunt
1231 506 1384 555 omnia
1406 508 1463 555 ad
1484 523 1684 557 amorem
1710 511 1756 557 &
1781 509 1936 566 fidem,
1972 510 2032 556 ita
2053 510 2108 556 ad
2131 512 2292 559 volun-

322 587 458 622 tatem
495 577 543 623 &
577 576 870 631 intelleClum,
905 590 1008 632 nam
1033 573 1241 621 voluntas
1275 574 1324 620 &
1354 573 1601 631 intellectus
1633 574 1733 622 sunt
1763 574 2038 638 receptacula
2075 575 2257 622 illorum
2278 599 2295 634 3

319 642 535 687 exteriora
572 653 724 688 autem
761 639 1105 703 correspondent
1129 638 1450 695 interioribus3
1499 639 1623 702 quod
1669 642 1885 687 exteriora
1927 639 2296 702 correspondeant

320 706 616 761 interioribus,
651 707 855 753 videatur
878 705 1009 770 supra
1042 720 1071 751 n
1090 721 1103 752 :
1124 709 1182 768 87
1207 705 1261 751 ad
1292 720 1397 766 115.
1465 703 1676 752 Illustrari
1709 705 1795 753 hoc
1816 705 1962 768 potest
1993 722 2047 752 ex
2072 707 2156 754 illis
2189 723 2296 771 quae

319 770 448 833 supra
477 770 533 818 de
556 771 716 818 Calore
747 772 797 819 ὅτ
821 771 950 818 Luce
974 770 1099 818 Coeli
1121 770 1240 818 dieta
1273 769 1391 825 sunt,
1427 769 1553 832 quod
1577 770 1770 832 Angelis
1793 771 1928 818 Calor
1961 771 2013 818 fit
2049 771 2295 820 secundum

317 836 643 897 quale-amoris
680 837 879 894 illorum,
916 838 964 884 δε
1000 836 1111 896 Lux
1150 835 1396 883 secundum
1433 835 1563 898 quale
1594 834 1819 898 sapientiae
1855 836 2053 893 illorum,
2091 839 2296 886 videatur

320 917 350 947 n
371 919 381 948 :
408 906 494 951 128
520 902 575 948 ad
607 917 710 967 134·
759 903 975 950 Similiter
1003 901 1174 965 reliqua
1200 916 1306 964 quae
1329 916 1480 948 coram
1503 899 1695 947 sensibus
1717 901 2003 963 Angelorum
2029 917 2255 966 apparent.

394 983 500 1031 174.
538 968 661 1014 Cum
697 968 806 1015 mihi
841 970 998 1016 datum
1036 965 1100 1014 est
1137 982 1244 1014 cum
1268 966 1563 1029 Angelis-effe
1598 968 1643 1012 in
1668 965 1908 1023 consortie,
1946 968 2037 1013 viia
2061 969 2170 1016 mibi
2196 969 2296 1017 sunt

313 1032 410 1088 illa,
435 1049 540 1096 quae
561 1034 640 1090 ibi,
663 1033 838 1098 prorsus
861 1033 971 1081 ficut
1004 1033 1077 1080 ina
1099 1047 1204 1096 quae
1236 1032 1282 1078 in
1317 1031 1507 1087 mundo,
1534 1032 1583 1078 &
1608 1045 1702 1079 tam
1725 1031 2089 1095 perceptibiliter,
2129 1047 2185 1081 ut
2202 1052 2295 1083 non

322 1099 525 1146 sciverim
550 1099 674 1146 aliter
695 1115 830 1164 quam
854 1099 980 1162 quod
1020 1099 1066 1144 in
1091 1096 1266 1144 mundo
1298 1099 1449 1154 effem,
1487 1097 1535 1144 &
1559 1095 1623 1143 ibi
1656 1098 1701 1144 in
1736 1097 1833 1144 aula
1857 1099 2028 1160 Regis:
2084 1099 2299 1164 loquutus

317 1165 454 1211 etiam
478 1181 583 1212 cum
609 1165 709 1219 illis,
744 1163 856 1212 ficut
878 1165 1019 1211 homo
1041 1178 1148 1211 cum
1172 1162 1370 1210 homine.
2064 1214 2075 1218 ,-

395 1245 500 1294 175·
538 1230 770 1288 Quoniam
796 1229 948 1277 omnia
971 1243 1077 1292 quae
1113 1228 1394 1276 interioribus
1416 1227 1778 1292 correspondent,
1813 1230 1948 1276 etiam
1988 1227 2300 1293 repraesentant

284 1306 288 1309 ’
320 1295 409 1350 illa,
447 1296 548 1341 ideo
573 1308 789 1342 vocantur
809 1297 1319 1344 REPRAEsaNTA'riva
1346 1316 1362 1350 3
1407 1295 1455 1342 δε
1479 1296 1592 1357 quia·
1617 1295 1842 1342 variantur
1866 1295 2109 1342 secundum
2135 1295 2298 1344 statum

320 1361 582 1407 interiorum
615 1362 733 1424 apud
772 1361 888 1417 illos,
926 1361 1028 1408 ideo
1050 1371 1267 1408 vocantur
1291 1362 1690 1415 APPARENTIAE,
1720 1361 1891 1407 tametsi
1921 1361 1996 1408 illa
2027 1377 2133 1424 quae
2162 1365 2298 1426 appa‘-

320 1439 417 1472 rent
455 1442 604 1473 coram
641 1427 782 1474 oculis
802 1426 1087 1490 Angelorum
1113 1427 1158 1472 in
1176 1425 1337 1482 Coens,
1374 1425 1424 1472 &
1447 1425 1756 1488 percipiuntur
1786 1425 1974 1473 sensibus
2007 1427 2206 1485 illorum,
2242 1430 2303 1477 ita

317 1492 372 1538 ad
397 1493 556 1539 vivum
593 1506 803 1556 apparent
830 1493 879 1548 δι
905 1493 1227 1556 percipiuntur,
1263 1491 1373 1538 ficut
1397 1490 1470 1537 illa
1492 1506 1597 1553 quae
1621 1491 1665 1537 in
1690 1490 1874 1538 Tellure
1896 1492 1956 1539 ab
1975 1490 2173 1548 homine,
2207 1495 2303 1542 imo

318 1558 465 1604 multo
504 1553 678 1614 clariuS,
718 1558 948 1606 distinctus
981 1558 1029 1605 &
1054 1557 1418 1621 perceptibilius:
1461 1555 1772 1620 Apparentiae,
1812 1572 1917 1620 quae
1954 1558 1999 1604 'm
2035 1559 2161 1605 coelis
2197 1560 2302 1607 inde

319 1622 435 1680 sunt,
471 1624 683 1671 dicuntur
705 1627 980 1686 Apparentiae
1007 1623 1154 1679 reales,
1194 1625 1299 1686 quia
1335 1621 1503 1669 realiter
1533 1619 1756 1669 existunt:
1795 1623 1957 1670 dantur
1980 1624 2115 1670 etiam
2140 1626 2299 1688 Appa-

317 1690 472 1737 rentiae
495 1706 584 1736 non
609 1689 755 1746 reales,
791 1705 897 1752 quae
919 1689 1018 1736 sunt
1042 1688 1114 1735 illa
1136 1704 1241 1751 quae
1263 1688 1449 1751 quidem
1473 1698 1701 1752 apparent,
1741 1686 1816 1735 sed
1838 1704 1929 1736 non
1954 1688 2299 1753 correspondent

319 1754 600 1802 interioribus
621 1756 754 1815 (nnn)
776 1778 789 1810 ·,
833 1754 902 1802 sed
928 1756 984 1802 dc
1008 1755 1073 1801 his
1099 1755 1144 1800 in
1167 1753 1461 1816 sequentibus,
2113 1772 2116 1775 ·

391 1821 492 1884 176.
531 1822 693 1879 Qualia
719 1822 817 1868 sunt
839 1836 942 1883 quae
971 1832 1182 1884 apparent
1206 1819 1398 1882 Angelis
1430 1817 1674 1866 secundum
1698 1816 2134 1883 Correspondentias,
2159 1821 2299 1877 velim

316 1884 617 1933 illustrationis
651 1887 778 1935 causa
814 1886 885 1934 hic
922 1888 1108 1933 unicum
1144 1884 1327 1932 afferre:
1370 1885 1450 1948 qui
1485 1885 1531 1945 in
1561 1884 1866 1947 'Intelligentia
1894 1884 2012 1942 sunt,
2047 1886 2131 1933 illis
2165 1903 2300 1951 appa·

316 1963 414 1999 rent
440 1952 654 2005 Horti&
679 1952 868 2000 Paradifi
896 1950 1015 2015 pleni
1039 1950 1271 1998 arboribus
1292 1950 1340 1997 &
1363 1949 1547 1998 floribus
1582 1951 1729 1996 omnis
1753 1951 1928 2013 generis
1950 1967 1961 1997 ε
2005 1952 2204 1999 Arbores
2240 1953 2302 1999 ibi

316 2017 498 2064 consitae
522 2016 624 2065 sunt
653 2018 700 2065 in
732 2018 1036 2081 pulcherrimo
1059 2016 1232 2072 ordine,
1271 2015 1543 2063 combinatae
1558 2015 1602 2061 in
1627 2015 1826 2070 transtra,
1864 2031 1944 2078 per
1966 2032 2072 2080 quae
2094 2019 2301 2064 introitus

319 2082 529 2137 lacunam
580 2084 626 2131 δι
651 2085 820 2130 circum
859 2098 963 2146 quae
997 2082 1284 2135 ambulacra3
1341 2083 1495 2127 omnia
1530 2080 1605 2126 tali
1638 2079 1990 2141 pulchritudine,
2025 2093 2077 2127 ut
2117 2080 2301 2130 describi

321 2148 570 2210 nequeant:
616 2148 843 2196 ambulant
866 2149 1001 2194 etiam
1037 2146 1098 2192 ibi
1120 2147 1201 2208 qui
1237 2147 1281 2192 in
1306 2145 1604 2207 Intelligentia
1639 2143 1756 2202 sunt,
1801 2146 1849 2192 δε
1885 2147 2042 2210 legunt
2065 2147 2212 2205 flores,
2249 2149 2298 2196 δε

320 2212 427 2260 serta
451 2213 648 2269 nestunt,
685 2213 847 2277 quibus
872 2224 1030 2259 ornant
1064 2209 1279 2258 infantes:
1315 2210 1414 2257 sunt
1450 2213 1582 2257 etiam
1619 2209 1780 2273 species
1800 2211 2033 2259 Arborum
2060 2214 2108 2260 ὅτ
2132 2215 2298 2261 florum

321 2277 402 2335 ibi,
444 2276 661 2341 nusquam
684 2276 788 2342 visae
824 2295 904 2326 nec
945 2277 1109 2326 dabiles
1144 2278 1188 2324 in
1228 2276 1441 2333 mund03
1486 2277 1532 2324 in
1566 2275 1795 2324 arboribus
1829 2278 1962 2324 etiam
1997 2277 2096 2326 sunt
2128 2277 2300 2327 fruCtus

1423 2352 1425 2354 ’
2055 2344 2301 2392 secundum

377 2465 502 2522 (nnn)
532 2463 655 2518 Qod
690 2465 824 2506 omnia
854 2479 945 2519 quae
976 2465 1080 2520 apud
1119 2463 1290 2521 Angelos
1325 2474 1533 2519 apparent,
1579 2463 1655 2506 sint
1686 2463 2036 2518 Repraesentativa,
2083 2476 2137 2505 n':
2178 2476 2300 2520 1-971.

321 2534 433 2619 {2¹3
454 2525 498 2563 ad
520 2523 650 2588 3²3⁶?
682 2534 806 2577 3457.
840 2533 966 2579 3475.
999 2523 1124 2577 3485.
1157 2522 1284 2579 9481.
1319 2535 1446 2578 9574.
1480 2524 1607 2580 9576.
1641 2535 1768 2587 9577.
1829 2520 1952 2574 Qod
1973 2520 2080 2587 Oceli
2101 2521 2298 2574 fintpleni

362 2580 681 2631 epraesentativis,
718 2593 745 2618 n
765 2593 774 2618 :
799 2591 920 2632 1521.
949 2591 1076 2634 1532.
1103 2581 1224 2635 1619.
1288 2578 1411 2631 Qod
1434 2579 1766 2632 Repraesentativa
1788 2593 1836 2619 eo
1855 2578 2081 2632 pulchriora
2102 2577 2193 2626 sint,
2217 2592 2298 2632 quo

255 2643 258 2646 ⁴
322 2637 483 2689 interius
501 2637 539 2675 in
561 2636 689 2684 coelis,
722 2648 923 2691 ut3475.
983 2635 1108 2688 Qod
1137 2636 1471 2689 Repraesentativa
1506 2637 1558 2678 ibi
1592 2636 1667 2676 fint
1689 2637 1941 2689 Apparentiae
1978 2637 2112 2685 reales,
2149 2636 2240 2688 quia
2275 2650 2298 2675 a

320 2692 434 2734 Luce
455 2693 563 2744 coeli,
596 2705 649 2733 n:
674 2693 799 2748 3485.
861 2691 985 2744 Qiod
1007 2693 1177 2734 influxus
1197 2687 1370 2733 Divinus
1390 2702 1567 2734 vertatur
1588 2693 1627 2733 in
1651 2691 1984 2746 Repraesentativa
2018 2694 2056 2734 in
2078 2691 2200 2732 Coelis
2237 2693 2298 2731 su-

321 2751 555 2804 perioribus,
594 2749 630 2791 &
660 2751 750 2791 inde
780 2764 937 2804 quoque
969 2751 1009 2791 in
1033 2749 1157 2790 Coelis
1178 2749 1441 2800 inferioribus,
1474 2763 1526 2791 n:
1552 2748 1677 2807 2179.
1702 2763 1826 2805 3213.
1857 2753 1982 2806 9457.
2012 2749 2138 2805 9481.
2168 2750 2297 2804 9576.

322 2820 451 2864 9577.
510 2806 846 2861 Repraesentativa
881 2807 1070 2852 dicuntur
1105 2821 1196 2862 quae
1226 2817 1414 2860 apparent
1453 2821 1589 2847 coram
1626 2809 1752 2847 oculis
1788 2807 2036 2862 Angelorum
2081 2806 2120 2846 in
2156 2807 2297 2847 talibus

323 2865 479 2914 formis,
510 2863 641 2918 quales
662 2866 751 2912 sunt
771 2865 813 2905 in
834 2875 994 2912 natura,
1027 2865 1079 2904 ita
1108 2863 1237 2917 quales
1260 2865 1348 2904 sunt
1371 2864 1410 2904 in
1432 2865 1600 2914 mundo,
1634 2879 1659 2904 n
1680 2878 1688 2904 z
1711 2876 1838 2920 9574.
1899 2862 2019 2915 Quod
2058 2863 2213 2903 interna
2242 2862 2295 2904 fic

321 2931 526 2961 vertantur
550 2922 591 2961 in
613 2931 793 2968 externa,
827 2933 880 2960 n:
909 2921 1034 2975 1632.
1059 2921 1168 2976 2987
1192 2922 1238 2961 ad
1263 2934 1393 2976 3002.
1456 2922 1789 2973 Repraesentativa
1824 2921 1865 2961 in
1897 2919 2022 2960 Coelis
2059 2920 2204 2972 qualia,
2249 2921 2296 2961 il·

321 2977 530 3018 lustratum
566 2991 634 3030 per
665 2977 770 3016 varia
799 2977 998 3030 exempla,
1038 2990 1092 3017 n:
1122 2991 1243 3031 1521.
1271 2991 1392 3032 1532.
1419 2979 1541 3033 1619.
1569 2979 1689 3020 1628.
1718 2978 1839 3032 1807.
1865 2988 1987 3031 1973.
2020 2990 2139 3032 1974.
2170 2989 2292 3033 1977.

326 3031 449 3090 1980.
488 3034 609 3090 1981.
643 3046 768 3089 2299.
798 3035 924 3076 2601.
956 3033 1081 3090 2761.
1112 3035 1237 3089 2762.
1262 3047 1386 3090 3217.
1424 3049 1549 3091 3219.
1576 3048 1700 3090 3220.
1722 3034 1847 3089 3348.
1871 3046 1997 3088 3350.
2019 3034 2147 3089 5198.
2165 3047 2292 3089 9090.

325 3092 475 3146 10278.
526 3091 648 3146 Qod
670 3091 819 3139 omnia,
852 3105 941 3145 quae
962 3092 1001 3131 in
1024 3090 1135 3134 coelis
1171 3102 1375 3144 apparent,
1406 3092 1480 3134 sint
1511 3093 1728 3133 secundum
1761 3090 2137 3143 correspondentias‚
2171 3091 2210 3132 &
2233 3092 2294 3132 di-

321 3158 463 3197 cantur
483 3150 811 3202 repraesentativa,
844 3161 896 3188 n:
919 3160 1030 3204 3213
1053 3147 1098 3188 ad
1122 3149 1246 3213 3226.
1273 3161 1398 3205 3457.
1422 3162 1548 3206 3475.
1599 3149 1696 3203 485.
1720 3146 1847 3202 9481.
1870 3161 1995 3204 9574.
2021 3149 2146 3204 9576.
2164 3161 2293 3206 9577.

320 3205 443 3259 Qod
465 3207 599 3246 omnia
619 3220 708 3259 quae
729 3206 1054 3258 correspondent,
1084 3215 1206 3247 etiam
1236 3207 1531 3258 repraesentent,
1573 3164 1614 3249 {z
1647 3218 1806 3258 quoque
1839 3205 1929 3245 talia
1961 3204 2198 3261 significent,
2241 3214 2292 3246 n:

320 3265 445 3319 2890.
471 3264 596 3319 2987.
622 3276 748 3318 2971.
771 3263 898 3319 2989.
922 3275 1050 3321 2990.
1076 3275 1204 3318 3002.
1232 3275 1358 3320 3225.
