2546 3786
574 258 693 323 Da
755 251 1272 321 coELorffm
1328 232 1901 322 rNFERNO.
2096 256 2276 343 125'

236 396 359 451 patet
391 401 449 434 ex
471 383 556 434 illis
579 385 694 433 intra
713 383 979 439 Eccle-ssa‘m,
1007 412 1011 418 ·
1052 380 1100 428 ui
1136 380 1310 430 tametsi
1346 381 1490 430 sciunt
1528 398 1584 431 ex
1604 384 1760 432 Verbo
1797 385 1856 432 de
1877 383 2034 441 Coelo,
2052 383 2125 432 <de
2149 386 2223 434 In*-

235 453 380 510 ferno,
421 453 479 500 de
502 453 594 499 vita
616 451 716 516 post
735 447 967 506 mern,
991 398 1130 511 nilque
1168 449 1242 495 illa
1263 449 1400 496 corde
1435 461 1617 512 negant,
1658 451 1771 498 inter
1794 466 1909 513 quos
1945 451 2078 511 etiam
2101 450 2220 508 sunt,

235 522 318 582 qui
350 515 804 573 eruditionis-*famam
827 528 922 576 prae
939 513 1122 577 reliquis
1157 528 1510 579 aucupaverunt,
1548 516 1604 563 de
1626 516 1792 580 quibus
1815 516 1920 564 inde
1943 516 2220 564 credendum

238 586 359 642 esset,
394 584 520 648 quod
542 583 646 647 plus
666 579 862 642 saperent
883 595 1020 641 quam
1046 579 1135 627 alii,
1206 599 1211 603 ·

306 666 416 714 310.
453 651 574 698 Cum
597 645 790 708 Angelis
820 645 878 692 de
900 645 1056 693 Verbo
1089 646 1320 710 aliquoties
1357 646 1540 711 loqutus
1575 647 1691 704 sum,
1725 647 1775 695 δε
1799 647 1911 704 dixi,
1950 647 2078 711 quod
2117 647 2164 694 id
2197 665 2222 696 a

236 716 506 780 quibusdam
528 723 843 759 contemnatur
864 723 1048 775 propter
1072 711 1238 775 stylum
1262 711 1357 776 ejus
1381 713 1630 777 simplicem
1651 735 1667 770 ·,
1706 715 1754 761 ὅτ
1778 714 1903 777 quod
1926 713 2104 777 prorsus
2128 730 2220 761 non

233 782 396 830 sciatur
425 776 595 840 aliquid
629 777 686 824 de
706 776 844 825 ‘sensu
883 775 976 840 ejus
1012 779 1203 835 interno,
1241 780 1290 826 ἃ
1324 779 1429 826 inde
1463 795 1553 827 non
1593 779 1797 827 credatur
1835 780 1962 843 quod
1997 791 2131 827 tanta.
2155 779 2219 827 sa·-

233 843 543 912 pientiainibi
580 844 808 891 recondita
838 844 1004 890 lateat:
1055 844 1226 906 Angeli
1266 844 1495 900 dixerunt,
1530 846 1656 908 quod
1692 845 1829 908 stylus
1846 845 2002 902 Verbi,
2042 846 2217 893 tametsi

232 917 281 962 in
300 909 422 958 sensu
446 910 585 957 literae
618 921 799 973 apparet
822 909 1029 972 simplex,
1068 908 1209 972 usque
1242 909 1346 968 talis-
1368 909 1438 964 fit,
1479 922 1532 955 ut
1564 909 1783 973 nusquam
1818 910 1986 974 aliquid
2015 912 2056 959 ei
2091 928 2220 960 com-

231 977 373 1042 parari
406 988 541 1039 queat
584 976 736 1039 quoad
778 975 1106 1031 excellentiam,
1157 976 1376 1038 quoniam
1408 974 1578 1022 Divina
1614 974 1822 1039 sapientia
1860 991 1951 1023 non
1990 977 2135 1025 solum
2170 979 2224 1026 in

230 1044 359 1100 omni
382 1041 503 1090 sensu
528 1041 607 1100 ibi,
645 1041 717 1089 sed
740 1041 876 1090 etiam
901 1042 947 1088 in
971 1040 1144 1104 singula
1167 1056 1302 1098 voce,
1346 1041 1469 1097 latet,
1502 1041 1554 1088 ὅτ.
1575 1041 1703 1104 quod
1727 1041 1800 1090 illa
1823 1041 2027 1104 sapientia
2048 1040 2218 1091 eluceat

229 1111 278 1158 in
302 1109 450 1164 coe10;
496 1109 740 1156 voluerunt
775 1107 924 1156 dicere
957 1108 1084 1171 quod
1120 1107 1175 1155 fit
1210 1107 1320 1155 Lux
1345 1107 1486 1164 Coeli,
1528 1109 1634 1171 quia
1670 1106 1734 1155 est
1770 1108 1997 1156 Divinum
2020 1109 2215 1165 Verum,

230 1191 336 1224 nam
382 1175 609 1223 Divinum
643 1175 819 1221 Verum
865 1174 911 1221 in
951 1173 1091 1229 Coelo
1135 1173 1273 1230 lucet,
1320 1174 1525 1221 videatur
1568 1172 1700 1238 supra
1735 1191 1793 1223 n:
1837 1189 1956 1238 132:
2005 1173 2220 1223 dixerunt

229 1244 384 1299 etiam,
418 1241 544 1305 quod
578 1239 740 1304 absque
774 1239 851 1286 tali
874 1240 1029 1287 Verbo
1062 1239 1185 1288 nulla
1216 1237 1332 1289 foret
1355 1240 1466 1287 Lux
1487 1239 1610 1287 Coeli
1649 1240 1770 1303 apud
1810 1240 2014 1289 homines
2032 1276 2035 1277 γ
2055 1240 2219 1290 nostrae
2274 1241 2279 1255 ¹

230 1307 447 1364 Telluris,
481 1310 543 1356 ita
579 1323 660 1355 nec
701 1303 963 1369 conjunctio
1002 1306 1111 1354 coeli
1142 1322 1252 1354 cum
1282 1306 1386 1363 illis,
1421 1321 1525 1354 nam
1559 1319 1782 1370 quantum
1806 1307 1918 1354 Lux
1939 1306 2063 1356 Coeli
2097 1306 2221 1355 adest

229 1374 350 1437 apud
382 1373 632 1430 bominem,
667 1383 858 1420 tantum·
884 1371 948 1419 est
986 1371 1262 1436 conjunctio,
1298 1374 1348 1421 δε
1385 1388 1570 1436 quoque
1609 1384 1786 1421 tantum
1807 1372 1888 1420 -est
1927 1373 1969 1421 ei
2006 1374 2225 1422 revelatio

229 1440 390 1487 Divini
419 1440 520 1487 Veri
545 1455 622 1503 per
644 1438 852 1487 Verbum
875 1456 888 1486 t
925 1439 1052 1502 quod
1091 1439 1232 1487 homo
1271 1453 1364 1486 non
1399 1437 1505 1486 sciat
1532 1438 1663 1503 quod
1685 1436 1945 1502 conjunctio
1968 1439 2042 1487 illa
2063 1439 2118 1487 fit
2139 1455 2220 1504 per

230 1507 402 1554 sensum
435 1504 717 1569 spiritualem
751 1503 893 1552 Verbi
920 1503 1353 1568 -correspondentem
1396 1503 1536 1552 sensui
1585 1503 1683 1568 ejus
1719 1505 1922 1562 naturali,
1971 1505 2036 1553 est
2073 1505 2218 1566 causa,

232 1574 340 1635 quia
362 1572 503 1619 homo
525 1569 659 1635 hujus
681 1570 881 1631 Telluris
906 1586 996 1617 non
1021 1570 1101 1618 scit
1123 1570 1290 1634 aliquid
1311 1570 1372 1617 de
1395 1570 1608 1634 spirituali
1631 1571 1920 1635 Angelorum
1946 1572 2221 1635 cogitatione

231 1640 281 1686 &
305 1637 499 1700 loquela,
534 1638 584 1685 ὅτ
606 1636 735 1699 quod
756 1636 810 1683 fit
833 1636 1006 1683 diversa
1026 1652 1052 1683 a
1072 1636 1259 1684 naturali
1293 1635 1533 1683 hominum
1570 1637 1845 1700 cogitatione
1867 1637 1916 1684 ὅτ
1943 1637 2136 1700 loquela,
2171 1639 2220 1685 ὅτ.

233 1703 314 1751 nili
336 1704 382 1749 id
405 1701 508 1750 sciat
531 1702 656 1766 quod
679 1701 859 1766 prorsus
871 1709 974 1750 *non
1006 1701 1114 1749 scire
1145 1703 1279 1766 poflit
1309 1702 1422 1765 quid
1463 1700 1608 1750 ffinsus
1643 1704 1860 1761 internus,
1895 1702 1945 1749 &
1969 1703 2072 1751 inde
2094 1703 2223 1768 quod

235 1785 316 1834 per
356 1769 485 1815 illurn
524 1768 624 1817 talis
649 1766 908 1830 conjunctio
931 1763 1026 1815 dari
1060 1770 1206 1832 possit.
1264 1769 1493 1816 Dixerunt
1523 1768 1679 1825 etiam,
1715 1769 1747 1816 fi
1770 1769 1911 1816 horno
1933 1768 2060 1818 sciret
2093 1770 2220 1833 quod

234 1836 332 1883 talis
355 1834 500 1882 sensus
515 1835 592 1892 fit,
627 1835 678 1882 ὅτ
700 1849 758 1881 ex
781 1834 926 1897 aliqua
956 1832 1267 1896 ejussfcientia
1302 1836 1521 1899 cogitaret
1557 1850 1666 1881 cum
1701 1836 1812 1899 legit
1837 1832 2061 1896 Verbum,
2093 1835 2222 1900 quod
2325 1850 2329 1852 ·

234 1903 407 1949 veniret
444 1902 490 1948 in
533 1900 789 1964 sapientiam
829 1901 1106 1956 interiorem,
1140 1900 1191 1948 &
1222 1900 1325 1964 plus
1356 1901 1507 1949 adhuc
1545 1899 1895 1965 conjungeretur
1931 1903 2072 1961 coelo,
2106 1916 2221 1966 quo-

236 1968 353 2015 niam
379 1982 458 2030 per
480 1967 529 2014 id
551 1968 597 2015 in
621 1967 739 2015 ideas
763 1965 925 2015 fimiles
950 1967 1184 2030 Angelicis
1207 1967 1403 2015 intraret.

236 2134 469 2246 Qod
523 2132 832 2212 Coelurn
899 2131 984 2210 &
1040 2131 1420 2213 Infernum
1486 2131 1624 2214 fint
1703 2162 1810 2213 ex-
1863 2137 2226 2214 Humano

1085 2247 1393 2327 Genere.

237 2450 347 2499 311.
424 2432 474 2480 N
509 2431 764 2498 Christiano
794 2430 922 2481 Orbe
953 2432 1133 2498 prorsus
1169 2434 1379 2492 nescitur,
1411 2435 1539 2499 quod
1562 2434 1752 2482 Coelum
1788 2436 1839 2483 ὅτ
1863 2432 2094 2483 Infernum
2136 2436 2224 2483 sint

379 2516 381 2518 ·
461 2514 515 2546 ex
539 2499 764 2547 Humano
783 2515 949 2563 genere
967 2521 985 2556 ·,
1014 2501 1215 2548 >creditur
1240 2502 1381 2558 enim,
1414 2503 1541 2565 quod
1566 2502 1736 2565 Angeli
1759 2500 1972 2550 fuerinta
1995 2503 2226 2566 principio

237 2568 387 2621 creati,
424 2566 472 2612 ὅτ
497 2566 622 2628 quod
643 2567 748 2612 inde
773 2565 980 2623 Coelum,
1016 2583 1067 2614 ac
1090 2567 1216 2632 quod
1240 2566 1459 2616 Diabolus
1497 2568 1569 2615 seu
1605 2571 1777 2616 Satanas
1814 2567 1946 2615 fuerit
1985 2569 2095 2615 lucis
2126 2576 2221 2615 An·
2288 2565 2293 2570 ’

237 2633 380 2696 gelus,
426 2631 498 2677 sed
534 2632 638 2694 quia
676 2631 852 2679 rebellis
887 2632 1046 2691 factus,
1082 2649 1190 2681 cum
1231 2634 1361 2682 turba
1397 2634 1477 2682 sua'
1507 2634 1705 2697 dejectus
1741 2634 1811 2691 fit,
1863 2636 1912 2681 &
1951 2635 2077 2697 quod
2116 2634 2227 2680 inde

238 2697 487 2747 Infernum.
557 2697 702 2757 Quod
737 2698 836 2746 talis
873 2698 985 2746 fides
1023 2700 1070 2746 in
1093 2700 1347 2748 Christiano
1369 2701 1493 2748 Orbe
1528 2701 1598 2757 fit,
1635 2702 1852 2748 mirantur
1874 2700 2042 2762 Angeli
2080 2715 2225 2764 quam

243 2767 452 2822 maxime,
488 2763 536 2810 δε
560 2764 705 2811 adhuc
744 2765 891 2827 magis
919 2766 1043 2829 quod
1080 2767 1257 2830 prorsus
1279 2766 1387 2813 nihil
1425 2766 1558 2814 sciant
1591 2767 1648 2813 de
1672 2766 1825 2822 Coelo,
1867 2781 1972 2812 cum
1998 2764 2146 2814 tamen
2172 2766 2219 2813 id

238 2830 303 2876 est
325 2831 588 2892 primarium
627 2829 846 2878 doctrinae
882 2831 930 2877 in
953 2830 1184 2888 Ecclefia;
1235 2833 1284 2880 ὃῑ
1315 2833 1422 2895 ,ςιιίει
1455 2833 1552 2879 talis
1584 2833 1834 2895 ignorantia
1871 2844 2039 2894 regnat,
2082 2832 2218 2879 corde

241 2896 381 2957 gavisi
410 2895 527 2954 sunt,
566 2896 694 2958 quod
731 2896 945 2959 placuerit
980 2898 1186 2946 Domino
1224 2914 1346 2945 nunc
1380 2898 1568 2945 revelare
1609 2898 1693 2945 illis
1734 2898 1861 2962 plura
1895 2899 1951 2944 de
1990 2898 2130 2946 Coelo
2168 2898 2217 2944 δε

169 3004 171 3006 ,
239 2975 421 3023 quoque
441 2960 728 3019 :deJnfern0,
765 2964 814 3009 δε
837 2978 917 3025 per
940 2963 1005 3018 id,
1044 2976 1267 3027 quantum
1291 2964 1489 3028 poffibile
1511 2964 1591 3021 est,
1616 2962 1831 3012 discutere
1864 2962 2079 3020 tenebras,
2113 2980 2218 3028 quae

243 3026 384 3072 indies
408 3026 667 3084 increscunt,
708 3029 811 3089 quia
834 3028 1031 3076 Ecclesia
1065 3031 1121 3077 ad
1161 3029 1290 3091 suum
1329 3031 1469 3079 finem
1507 3032 1746 3096 pervenit·,
1780 3046 1916 3093 quare
1948 3031 2127 3087 volunt,
2165 3043 2216 3077 ut

242 3107 297 3138 ex
331 3107 405 3138 ore
440 3090 618 3140 illorum
642 3095 893 3151 affevmem,
933 3096 1061 3158 quod
1095 3097 1142 3142 in
1161 3097 1367 3144 universo
1389 3097 1528 3145 Coelo
1562 3113 1652 3144 non
1686 3097 1739 3144 fit
1764 3113 1880 3144 unus
1904 3096 2110 3159 Angelus
2134 3099 2212 3159 qui

244 3175 267 3203 a
291 3157 713 3228 principio-creatus
735 3160 814 3218 est,
853 3176 932 3207 nec
966 3161 1013 3207 in
1037 3160 1219 3210 Inferno
1250 3162 1407 3225 aliquis
1432 3163 1648 3211 Diabolus
1685 3163 1764 3226 qui
1789 3174 1959 3226 creatus
1982 3163 2090 3208 lucis
2116 3167 2213 3208 An-

244 3223 440 3286 gelus&
465 3221 682 3286 deiectus,
714 3224 935 3292 sed·quod
975 3242 1133 3277 omnes
1172 3240 1265 3276 tam
1306 3229 1351 3277 in
1390 3228 1527 3279 Coelo
1566 3230 1791 3292 quarum
1821 3227 2001 3278 inferno
2024 3227 2119 3338 Ismt
2157 3242 2221 3272 ex

967 3310 1001 3358 3
1994 3294 2032 3339 Ι.
2052 3306 2225 3339 unwano
