2546 3786
308 231 432 294 168
543 197 743 292 'Da
799 221 1176 288 coeco
1236 241 1344 289 m
1405 221 1980 289 INFERNO.

303 355 350 400 ‘m
385 354 474 399 vim
518 347 749 415 spirituali,
796 361 903 409 quae
941 346 1037 393 vita
1068 345 1249 393 interior
1293 343 1376 402 est,
1427 345 1475 393 ὅτ
1514 341 1618 391 inde
1657 341 1954 407 receptibilior
1993 344 2283 402 beatitudinis

310 417 514 466 coelestis.
1817 431 1821 435 ·
1891 416 1910 443 ”

609 606 729 719 De
785 598 1088 678 Gaudio
1143 599 1227 676 &
1285 595 1646 677 Felicitate
1682 600 2021 721 A-Coelesti.

315 823 424 872 395.
602 804 654 852 U
663 804 738 852 ID
773 801 963 851 Coelum
988 802 1036 850 ὅτ
1057 801 1168 865 quid
1189 800 1425 848 Gaudium
1448 798 1664 857 Coeleste,
1689 798 1768 847 vix
1788 797 1947 865 aliquis
1967 802 2103 854 hodie
2127 804 2255 851 novit
2269 825 2285 857 ·,

452 804 716 974 Qqui
758 869 816 916 de
855 869 935 917 illo
973 868 1024 916 ὅτ
1063 869 1122 915 de
1155 866 1242 914 hoc
1278 867 1606 930 cogitaverunt,
1653 877 1748 930 tam
1781 882 2077 916 communem
2115 871 2162 916 ὅτ
2195 882 2289 916 tam

640 934 822 983 crassam
853 935 1002 982 ideam
1033 933 1090 980 de
1116 932 1554 995 illis-conceperunt,
1591 943 1643 979 ut
1665 933 1744 978 vix
1767 931 1819 987 fit
1851 932 2027 995 aliqua:
2074 949 2129 981 ex
2162 933 2286 997 spiri-

314 1002 452 1058 tibus,
485 1001 565 1064 qui
602 1015 626 1048 e
650 1000 826 1048 mundo
857 1000 904 1047 in
934 999 1117 1046 alteram
1140 999 1282 1046 vitam
1316 999 1520 1053 veniunt,
1558 997 1732 1060 optime
1753 996 1859 1044 scire
1880 999 2012 1060 potui
2029 999 2207 1061 qualem
2233 1001 2291 1046 de

311 1069 448 1116 Coelo
480 1068 531 1114 ὅτ
567 1066 624 1114 de
654 1065 825 1129 gaudio
859 1064 1030 1112 coelesti
1057 1063 1316 1111 'habuerunt
1348 1064 1600 1118 notionem,
1637 1078 1742 1109 nam
1780 1063 1919 1110 relicti
1954 1062 2034 1110 fibi
2075 1064 2186 1112 ficut
2217 1065 2288 1113 fo·

317 1146 415 1182 rent
446 1133 492 1180 in
518 1132 710 1188 mundo,
749 1131 950 1193 cogitant
978 1128 1195 1176 similiter.
1261 1127 1406 1175 Causa
1442 1127 1571 1190 quod
1603 1143 1696 1174 non
1729 1127 1891 1176 sciatur
1921 1129 2039 1192 quid
2058 1131 2287 1193 „gaudium

315 1197 513 1254 coeleste,
547 1197 611 1244 est
634 1196 741 1258 quia
758 1195 844 1251 illi,
877 1194 958 1257 qui
990 1193 1048 1241 de
1081 1209 1136 1241 eo
1164 1193 1494 1256 cogitaverunt,
1532 1208 1590 1240 ex
1610 1193 1786 1255 gaudiis
1817 1196 2025 1251 exten-nia,
2061 1195 2289 1257 quaesssunt

311 1264 518 1313 naturalis
541 1262 753 1316 hominis,
790 1257 1122 1319 iudicaverunt,
1157 1274 1241 1307 nec
1280 1257 1508 1307 sciverunt
1545 1259 1660 1322 quid
1690 1259 1907 1322 -Internns
1943 1259 2030 1307 seu
2054 1260 2290 1323 spiritualis

304 1330 471 1383 homo,
500 1329 566 1374 ita
583 1341 669 1374 nec
691 1325 805 1388 quid
826 1322 929 1388 ejus
961 1324 1216 1387 jucundum
1239 1325 1290 1372 ὅτ
1312 1322 1526 1380 beatum.;
1569 1339 1704 1387 quare
1726 1324 1761 1372 fi
1784 1325 1851 1372 ab
1882 1326 1987 1383 illis,
2022 1329 2103 1390 qui
2124 1328 2172 1373 in
2203 1327 2291 1391 spi·
2321 1357 2324 1360 «

313 1395 456 1442 rituali
482 1391 560 1440 seu.
578 1393 753 1439 interno
777 1388 986 1454 jucundo
1020 1388 1217 1447 fuerunt,
1257 1389 1431 1438 dictum
1470 1387 1631 1446 fuisset,
1665 1390 1778 1453 quid
1810 1391 1861 1438 ὅτ
1899 1392 2031 1455 quale
2069 1393 2292 1454 gaudium

313 1458 509 1515 coeleste,
546 1472 639 1504 non
660 1456 983 1520 comprehendi
1018 1455 1243 1520 potuissen
1283 1455 1504 1503 cecidisset
1531 1457 1744 1503 enimin
1778 1456 1924 1504 ideam
1966 1458 2190 1521 ignotam,
2233 1461 2293 1507 ita

314 1541 406 1572 non
441 1524 485 1571 in
507 1524 862 1588 perceptionem,
901 1534 1174 1586 quapropter
1211 1523 1327 1570 inter
1363 1520 1447 1569 illa
1474 1520 1636 1576 fuisset,
1673 1537 1787 1585 qua:
1815 1523 2194 1572 naturalisvhomo
2225 1541 2293 1572 re-

306 1588 488 1653 jecisset.
560 1588 942 1653 Qifiquetamen
966 1587 1072 1636 scire
1102 1586 1264 1651 potest,
1301 1586 1430 1650 quod
1461 1587 1609 1635 -homo
1639 1603 1754 1636 cum-
1784 1600 2021 1637 externum
2051 1587 2292 1654 semnatu·

317 1657 452 1704 talem
493 1655 724 1702 hominem
771 1653 996 1716 relinquit,
1036 1654 1082 1700 in
1122 1654 1351 1703 internum
1395 1650 1470 1700 seu
1514 1651 1795 1714 spiritualem.
1829 1655 1994 1710 veniat,
2032 1656 2156 1703 *inde
2193 1657 2292 1704 sciri

312 1720 478 1784 potest,
530 1720 657 1781 quod
683 1718 943 1783 jucundum
963 1717 1159 1766 -coeleste
1195 1716 1250 1764 fit
1274 1715 1535 1780 jucundum
1571 1718 1883 1767 internum&
1919 1717 2158 1782 spirituale,
2197 1729 2309 1770 non'

312 1799 463 1834 autem
487 1797 724 1832 externum
746 1785 793 1831 ὅτ
819 1782 1042 1837 naturale3
1081 1783 1134 1829 ὅτ
1153 1782 1258 1844 quia
1279 1781 1341 1828 est
1364 1782 1591 1829 internum
1624 1783 1674 1830 ὅτ
1697 1782 1937 1846 spirituale,
1975 1786 2102 1847 quod
2121 1786 2175 1834 sit
2206 1803 2292 1850 pu·

314 1853 404 1905 rius
426 1851 476 1897 ὅτ
498 1849 776 1912 exquisitius,
814 1850 864 1896 ὅτ
883 1847 1014 1916 quod
1044 1847 1209 1894 afficiat
1243 1847 1450 1894 interiora
1481 1847 1698 1903 hominis,
1732 1855 1838 1910 quae
1874 1847 1975 1896 sunt
2004 1847 2098 1912 ejus
2131 1853 2295 1901 animae

315 1917 387 1965 seu
411 1915 604 1978 spiritus.
671 1911 878 1977 Qisque
899 1929 957 1962 ex
979 1913 1047 1960 his
1068 1911 1172 1961 *solis
1193 1912 1459 1961 concludere
1478 1911 1640 1976 potest,
1672 1913 1801 1976 quod
1815 1913 1928 1979 *tale
1961 1915 2002 1962 ei
2020 1913 2294 1979 jucundum
2318 1939 2324 1944 ·

277 1993 285 1999 ”
314 1982 384 2039 fit,
418 1981 550 2045 quale
587 1977 729 2028 fuerat
758 1977 1019 2044 jucundum
1056 1976 1150 2042 ejus
1183 1977 1378 2041 spirituS,
1412 1977 1611 2041 &quod
1626 1977 2130 2045 jucundumscotporis,
2165 1986 2324 2047 quodq

315 2059 504 2095 vocatur
534 2045 787 2107 iucundum
821 2046 982 2101 carnis,
1016 2044 1254 2107 respefflve
1280 2059 1382 2094 ,non
1420 2042 1689 2095 coeleste-sit·
1713 2066 1728 2099 ;
1758 2046 2044 2107 quodetiam
2066 2049 2118 2095 in
2131 2049 2320 2111 ,spiritw

315 2114 511 2175 hominis
532 2111 612 2168 est,
645 2127 754 2160 cum
777 2110 988 2174 relinquit
1003 2124 1185 2173 corpus,
1219 2109 1313 2158 hoc
1329 2120 1528 2160 remanet
1549 2108 1650 2172 post
1673 2117 1885 2172 mortem,
1919 2126 2023 2160 nam
2048 2123 2157 2162 tunc
2183 2116 2318 2164 vivit·

317 2178 459 2227 homo
483 2177 672 2241 spiritus,
1212 2186 1214 2189 ’
1274 2222 1277 2224 ,
1878 2210 1898 2222 ,ψ
2141 2200 2144 2204 ·

385 2243 493 2309 396.
529 2244 700 2291 Omnia
731 2241 936 2306 jucunda
971 2244 1203 2307 profluunt
1238 2258 1296 2290 ex
1331 2257 1501 2299 amore,
1548 2258 1653 2290 nam
1694 2243 1821 2306 quod
1866 2243 2007 2293 homo
2046 2258 2167 2296 amat
2206 2248 2293 2297 hoc

306 2308 567 2373 jucundum
594 2308 737 2364 sentit,
773 2325 864 2356 non
887 2309 1064 2359 aliunde
1088 2310 1150 2357 est
1174 2309 1254 2356 ulli
1268 2307 1563 2371 jucundum;
1597 2308 1715 2356 inde'
1738 2308 1953 2373 sequitur,
1988 2312 2134 2374 quod·
2151 2316 2295 2376 qualis
2318 2356 2321 2359 .

313 2390 444 2437 amor
465 2376 550 2422 tale
572 2372 824 2436 jucundum
848 2393 858 2422 :
888 2373 1091 2439 jucunda
1110 2377 1309 2439 corporis
1334 2373 1404 2420 seu
1429 2375 1568 2421 cai-uls
1592 2375 1745 2421 omnia
1777 2376 2011 2439 profluunt
2033 2393 2102 2438 ‚ex
2139 2395 2308 2428 amore.

313 2439 377 2486 sui
402 2441 451 2487 ὅτ
473 2456 528 2488 ex
550 2456 701 2488 amore
725 2440 904 2497 mundi,
939 2441 1044 2488 inde
1080 2447 1264 2504 quoque
1304 2440 1407 2486 sunt
1444 2439 1816 2503 concupiscentiae
1855 2442 1903 2488 ὅτ
1943 2458 2096 2497 earum
2122 2445 2288 2510 volup·

316 2517 456 2561 tates;
483 2504 687 2568 jucunda
709 2518 859 2553 autem
882 2508 1047 2553 animae
1072 2505 1144 2555 seu
1169 2506 1343 2569 spiritus
1362 2506 1520 2553 omnia
1542 2506 1772 2570 profluunt
1792 2522 1849 2554 ex
1870 2523 2023 2559 amore
2057 2511 2104 2556 in
2130 2511 2314 2560 Domi--

316 2586 430 2618 nurn
462 2573 510 2618 ὅτ
541 2586 595 2617 ex
626 2586 778 2618 amore
805 2586 910 2633 erga
935 2572 1216 2634 proximum,
1252 2571 1357 2618 inde
1378 2587 1562 2634 quoque
1584 2572 1688 2618 sunt'
1706 2570 1957 2619 affectiones
1977 2573 2087 2629 honi
2111 2576 2161 2623 ὅτ
2183 2577 2292 2634 veri,

317 2652 370 2683 ac
402 2634 642 2684 faustitates
675 2635 935 2683 interiores:
969 2638 1014 2683 hi
1044 2650 1217 2684 amores
1247 2652 1356 2684 curn
1385 2636 1472 2683 suis
1499 2635 1714 2700 jucundis
1746 2637 1942 2686 influunt
1972 2656 1998 2686 a
2017 2641 2220 2688 Domino
2241 2644 2292 2690 ὅτ

310 2717 344 2748 e
368 2701 507 2750 Coelo
546 2717 625 2764 per
657 2703 778 2749 viam
812 2702 1046 2758 internam,
1082 2718 1188 2766 quae
1224 2702 1288 2750 est
1321 2717 1346 2749 a
1383 2700 1612 2764 superiori,
1649 2703 1698 2750 &
1719 2703 1919 2751 afficiunt
1951 2706 2192 2762 interiora;
2226 2708 2292 2755 illi

315 2778 465 2815 autem
506 2782 679 2827 amores
718 2782 826 2814 cum
863 2766 948 2814 suis
979 2766 1197 2831 jucundis
1233 2767 1434 2828 influunt
1471 2783 1529 2816 ex
1566 2784 1696 2816 carne
1726 2768 1777 2817 &
1807 2785 1832 2816 e
1864 2771 2049 2817 mundo!
2069 2786 2148 2832 per
2169 2773 2289 2821 viam

316 2831 563 2889 externam,
598 2848 703 2895 quae
724 2832 788 2879 est
806 2832 861 2879 ab
885 2830 1104 2889 inferiore,
1139 2834 1190 2881 &
1212 2830 1412 2880 afficiunt
1430 2835 1657 2880 exteriora.
1727 2834 1965 2892 Quantum
2002 2837 2147 2897 itaque
2181 2840 2291 2886 reci·

318 2898 505 2959 piuntur
542 2898 635 2943 bini
675 2897 739 2945 illi
770 2913 942 2944 amores
966 2899 1091 2945 Coeli
1114 2900 1162 2945 ὅτ
1187 2899 1406 2954 afficiunt,
1436 2910 1614 2946 tantum
1647 2902 1906 2962 aperiuntur
1930 2901 2152 2957 interiora,
2187 2920 2292 2968 quae

320 2959 422 3009 sunt
459 2962 622 3014 animae
660 2961 732 3009 seu
769 2961 966 3024 spiritus,
1002 2964 1052 3010 ὅτ
1075 2963 1270 3025 spectant
1290 2979 1315 3010 a
1341 2964 1515 3010 mundo
1547 2964 1602 3010 ad
1626 2964 1847 3021 Coelum3
1879 2972 2101 3026 quantum
2140 2981 2290 3019 autem

321 3026 609 3088 recipiuntur
634 3026 726 3077 bini
765 3027 829 3073 illi
867 3041 1038 3074 amores
1070 3028 1235 3075 mundi
1258 3028 1307 3075 &
1329 3028 1544 3085 afficiunt,
1580 3041 1755 3077 tantum
1777 3029 2032 3091 aperiuntur
2061 3036 2291 3095 exteriora,

322 3091 430 3153 quae
450 3086 563 3137 ⁴‘sunt
591 3090 791 3153 corporis
808 3090 886 3137 seu
910 3092 1070 3148 carnis,
1104 3093 1153 3139 ὅτ
1177 3092 1370 3157 spectant
1391 3109 1416 3140 a
1436 3094 1574 3142 Coelo
1595 3095 1650 3141 ad
1675 3094 1898 3146 mundum
1922 3112 1932 3140 :
1967 3095 2078 3144 ficut
2100 3099 2313 3152 influunt‘

322 3172 495 3210 amores
525 3156 581 3205 7ὅτ
619 3157 908 3223 recipiuntur,
939 3159 1006 3206 ita
1037 3157 1169 3207 fimul
1191 3159 1325 3208 etiam
1347 3160 1542 3210 influunt
1558 3160 1742 3212 illorum
1754 3154 1973 3222 jucunda,
2009 3163 2055 3210 in
2087 3163 2294 3219 interiora
2360 3184 2364 3188 ·

2096 3227 2306 3294 iucunda
