2546 3786
528 215 1882 317 DnCOELosTINFERNO.
2067 272 2195 338 ιη

204 382 368 433 laetitiis
392 383 441 432 &
465 384 640 448 gaudiis
662 380 969 448 corporeis&
1003 379 1246 427 mundanis
1279 378 1615 446 perceptionem
1651 384 1873 446 capiuntg
1907 395 2044 447 quare
2067 381 2194 445 quod

205 452 429 514 ignorant,
482 450 592 498 nihil
629 450 711 497 effe
740 453 920 515 putant,
966 460 1077 493 cum
1117 458 1265 495 tamen
1306 449 1470 512 gaudia
1502 463 1719 512 corporea
1751 449 1801 496 δε
1830 449 2057 498 mundana
2087 446 2192 517 sunt

204 518 331 564 nihili
362 512 946 579 respective3⁷ide02probss
981 514 1061 576 qui
1085 529 1176 561 non
1201 513 1343 562 sciunt
1365 515 1476 578 quid
1500 515 1721 578 gaudium
1744 514 1943 571 coeleste,
1978 526 2030 561 ut
2052 511 2190 562 sciant

199 586 250 631 &
286 582 576 644 cognoscant,
595 579 813 627 ‘feruntur
842 580 1044 641 primum
1080 580 1137 627 ad
1170 581 1455 638 Paradifiaca,
1492 596 1599 646 quae
1631 596 1818 628 omnem
1851 580 2187 644 imaginationis

200 650 346 697 ideam
384 648 638 699 excedunt}
674 657 783 690 tunc
820 645 1014 692 arbitrati
1039 646 1199 694 veniffe
1231 648 1277 694 in
1301 647 1559 695 Paradisum
1583 647 1830 703 coelestem,
1865 644 1938 694 sed
1962 646 2183 694 docentur

201 716 328 779 quod
352 714 398 762 id
422 729 511 761 non
540 709 597 758 fit
626 709 811 775 felicitas
834 727 937 758 vere
969 712 1196 768 coelestis;
1231 729 1367 777 quare
1395 715 1528 762 datur
1551 714 1602 762 iis
1624 713 1892 777 cognoscere
1914 711 2049 761 status
2073 712 2184 758 inte·

197 784 333 829 riores
370 778 524 843 gaudii
564 776 619 823 ad
654 777 867 826 intimum
909 792 1067 824 eorum
1103 780 1447 841 perceptibilem
1488 781 1590 828 dein
1629 779 1893 828 auferuntur
1929 780 1975 827 in
2015 778 2184 826 statum

197 850 318 912 pacis
355 843 494 907 usque
533 844 589 890 ad
630 845 843 890 intimum
885 859 1061 899 eorum,
1095 843 1298 892 fatentes·
1319 856 1427 892 tunc
1460 847 1587 908 quod
1621 846 1729 892 nihil
1758 845 1852 909 ejus
1881 844 2068 908 usquam
2101 858 2180 890 ex-

198 909 414 978 preffibile
452 909 522 966 fit,
570 926 651 957 nec
692 909 960 972 cogitabile:
1015 909 1210 972 denique
1246 910 1294 957 in
1335 911 1498 957 statum
1534 913 1821 968 innocentiae,
1870 913 2003 959 etiarn
2048 909 2186 973 usque

194 979 249 1027 ad
274 975 444 1088 sensusrtn
467 991 625 1025 eorum
650 977 865 1023 intimum
883 994 897 1023 ε
937 974 1042 1023 inde
1060 974 1182 1024 'noffe
1205 975 1257 1023 iis
1279 974 1430 1033 datur,
1464 976 1579 1039 quid
1600 991 1706 1024 vere
1743 976 1920 1025 bonum
1958 976 2184 1042 spirituale

192 1046 244 1094 &
266 1043 383 1091 coele
424 1058 462 1091 e.

258 1126 375 1174 413.
414 1109 504 1156 Sed
545 1120 596 1156 ut
637 1107 742 1157 scire
781 1107 969 1171 postem,
1003 1107 1118 1172 quid
1158 1108 1210 1157 δε
1243 1108 1374 1171 quale
1406 1108 1598 1165 Coelum
1632 1102 1687 1157 ’δε
1712 1106 1906 1155 Coeleste
1942 1108 2180 1171 gaudium,

192 1176 309 1241 saepe
333 1179 380 1224 &
404 1175 483 1231 diu
506 1175 752 1223 aDomino
774 1175 934 1222 datum
957 1173 1019 1222 est
1041 1176 1268 1239 percipere
1283 1173 1588 1238 jucunditates
1611 1174 1885 1238 gaudiorum
1907 1173 2181 1228 coelestium,

191 1259 346 1307 quare,
381 1243 487 1307 quia
521 1241 577 1289 ab
608 1242 877 1306 experientia
898 1241 1019 1297 viva,
1055 1241 1233 1305 poffum
1273 1241 1398 1299 scire,
1431 1242 1506 1289 sed
1548 1242 1770 1304 nusquam
1809 1240 2083 1288 describere:
2119 1237 2184 1284 ast

193 1323 243 1358 ut
265 1309 409 1357 solum
433 1309 533 1356 idea
553 1323 714 1356 eorum
737 1307 965 1363 habeatur,
999 1307 1168 1372 aliquid
1209 1308 1411 1356 dicetur:
1446 1307 1510 1355 est
1534 1306 1750 1355 Affectio
1770 1304 2106 1369 jucunditatum
2129 1305 2182 1352 &t

190 1376 462 1440 gaudiorum
485 1373 900 1430 innumerabilium,
934 1389 1042 1438 quae
1077 1390 1326 1422 commune
1364 1374 1598 1438 quoddam
1640 1373 1773 1421 fimul
1809 1373 1981 1430 sistunt,
2017 1374 2062 1420 in
2085 1385 2182 1436 quo

189 1443 446 1499 communi,
483 1440 555 1489 seu
579 1442 624 1487 in
646 1456 737 1504 qua
756 1441 996 1489 communi
1029 1439 1278 1497 affectione,
1313 1439 1414 1488 sunt
1450 1439 1846 1488 innumerabilium
1887 1438 2179 1486 affectionum

189 1509 456 1565 harmoniae,
490 1523 599 1572 quae
621 1506 826 1555 distinete
851 1523 940 1555 non
964 1508 1235 1570 perveniunt
1265 1507 1322 1555 ad
1355 1508 1708 1571 perceptionem,
1744 1505 1814 1552 sed
1839 1505 2039 1561 obscure,
2073 1504 2181 1568 quia

187 1576 555 1636 communissima
588 1575 822 1638 perceptio
840 1596 855 1629 ;
901 1573 1040 1637 usque
1072 1575 1302 1639 percipere
1339 1575 1498 1623 datum
1544 1574 1625 1629 est,
1675 1572 1803 1636 quod
1841 1571 2180 1618 innumerabilia

188 1642 388 1697 ineflent,
422 1641 483 1687 ita
502 1639 723 1694 ordinata,
757 1651 811 1686 ut
833 1639 1020 1686 describi
1045 1639 1265 1703 nusquam
1290 1641 1486 1702 poffint;
1524 1637 1861 1686 innumerabilia
1890 1637 1979 1692 illa,
2012 1637 2178 1699 qualia,

183 1722 246 1755 ex
269 1706 396 1754 Coeli
416 1705 574 1753 ordine
594 1706 773 1753 fluunt}
802 1705 908 1753 ‘talis
943 1704 1059 1753 ordo
1090 1705 1154 1752 est
1183 1707 1233 1752 -in
1267 1705 1512 1755 affectionis
1536 1704 1721 1768 lingulis
1742 1704 1794 1751 ὃῑ
1818 1703 2039 1759 minimis,
2073 1718 2181 1766 quae

188 1771 334 1822 modo
355 1782 409 1820 ut
431 1772 852 1820 communiffimum
886 1786 1037 1819 unum
1074 1771 1284 1819 sistuntur
1315 1773 1364 1819 ὅτ
1399 1772 1712 1835 percipiunt-ur
1739 1769 1986 1819 secundum
2006 1771 2181 1832 capaci-

185 1850 329 1888 tatem
348 1837 446 1902 ejus
465 1838 547 1902 qui
568 1835 819 1901 subjectum
838 1854 849 1883 z
886 1838 1046 1894 verbo,
1082 1837 1257 1885 infinita
1280 1838 1326 1884 in
1348 1837 1669 1885 ordinatiffima
1684 1836 1840 1899 {orma
1861 1833 2011 1883 insunt
2034 1836 2179 1882 cuivis

183 1906 443 1961 communi,
479 1905 531 1951 δτ
555 1903 668 1953 nihil
691 1918 783 1952 non
805 1903 940 1961 vivit,
975 1904 1024 1951 ὅτ
1061 1903 1215 1960 afficit,
1249 1904 1300 1951 &
1337 1903 1526 1966 quidem
1565 1903 1720 1952 omnia
1757 1904 1813 1952 ab
1850 1902 2039 1958 intimis,
2074 1918 2179 1948 nam

185 1971 352 2035 gaudia
370 1969 569 2019 coelestia
590 1969 647 2018 ab
668 1970 840 2018 intimis
862 1969 1130 2034 procedunt.
1200 1970 1473 2034 Per-ceptum
1496 1985 1698 2034 quoque,
1731 1968 1860 2034 quod
1884 1968 2104 2032 gaudium
2129 1969 2180 2014 δε

185 2037 395 2085 delirium
420 2037 534 2084 ficut
556 2053 583 2083 a
602 2035 739 2085 corde
756 2036 950 2093 veniret,
983 2035 1026 2083 se
1049 2035 1307 2083 diffundens
1331 2037 1587 2085 molliflime
1609 2052 1688 2100 per
1717 2035 1880 2084 omnes'
1908 2034 2042 2082 fibras
2075 2034 2182 2081 inti·

187 2118 302 2160 ωας,
335 2103 386 2151 &
409 2103 514 2151 inde
537 2102 583 2150 in
606 2101 741 2150 fibras
763 2112 1071 2166 congregatas,
1106 2116 1216 2149 cum
1238 2101 1315 2149 tali
1330 2100 1630 2166 jucunditatis
1646 2104 1809 2150 intimo
1821 2101 1960 2160 sensu,
1995 2113 2048 2148 ut
2067 2100 2179 2146 fibra

187 2169 244 2217 fit
263 2170 387 2233 quafi
410 2163 519 2218 n'ihil
542 2168 622 2217 nisi
645 2168 869 2233 gaudium
892 2169 941 2217 δι
966 2167 1192 2226 delitium,
1232 2167 1283 2216 δε
1314 2183 1452 2217 omne
1490 2168 1806 2233 perceptivum
1843 2168 1895 2215 δε
1918 2167 2179 2217 senlitivum

188 2235 296 2282 inde
329 2235 547 2293 similiter,
587 2236 746 2283 vivens
783 2251 840 2283 ex
879 2233 1118 2291 felicitate3
1164 2233 1454 2299 voluptatum
1495 2235 1696 2299 corporis
1729 2235 1970 2298 gaudium,
2009 2234 2066 2281 ad
2105 2234 2180 2281 illa

188 2301 372 2364 gaudia,
408 2302 471 2349 est
495 2301 608 2350 ficut
629 2302 792 2350 craffus
823 2302 874 2350 &
897 2317 1105 2366 pungens
1147 2316 1339 2364 grumus
1378 2302 1619 2366 respective
1659 2301 1715 2349 ad
1740 2317 1902 2366 puram
1944 2304 1993 2350 δι
2015 2300 2178 2348 leniffi·

188 2383 313 2415 marn
349 2382 516 2416 auram.
586 2367 888 2416 Observatum
926 2367 1007 2429 est,
1047 2367 1174 2432 quod
1210 2384 1318 2416 cum
1353 2384 1494 2417 omne
1530 2383 1685 2416 meum
1723 2365 1976 2428 iucundum
2011 2368 2175 2416 vellem

190 2431 424 2483 transferre
443 2435 494 2481 in
517 2432 724 2492 alterum,
761 2435 964 2482 influeret
1000 2436 1213 2484 continue
1241 2433 1504 2498 jucundum
1535 2434 1645 2482 loco
1674 2431 1769 2496 ejus
1800 2436 1982 2484 interius
2005 2437 2053 2484 &
2078 2435 2174 2499 ple-

189 2500 307 2556 nius,
342 2515 482 2563 quam
507 2501 632 2564 prius
653 2522 668 2556 ;
711 2500 910 2565 &quod
933 2513 1158 2564 quantum
1181 2501 1267 2549 hoc
1292 2501 1475 2559 vellem,
1515 2513 1693 2549 tantum
1718 2501 1956 2558 influeret3
1997 2503 2048 2551 ὅτ
2070 2518 2172 2566 per-

183 2579 372 2630 ceptum
397 2565 479 2624 est,
510 2566 639 2630 quod
665 2566 751 2614 hoc
775 2583 799 2615 a
823 2568 1044 2616 Domino.
1606 2613 1608 2615 ,
1988 2571 1993 2574 ”

255 2648 367 2692 414.
405 2633 503 2695 Qui
528 2635 574 2679 in
599 2633 737 2680 Coelo
769 2633 888 2691 sunt,
925 2634 1142 2682 continue
1163 2635 1219 2682 ad
1238 2650 1432 2683 vernum
1458 2635 1567 2681 vitae
1585 2646 1820 2699 >pergunt3
1856 2636 1906 2682 &
1927 2650 2023 2698 quo
2045 2636 2174 2698 plura

191 2697 332 2746 :ninia
363 2714 583 2745 annorum
607 2699 788 2757 vivunt,
820 2716 878 2747 eo
912 2700 968 2747 ad
991 2716 1181 2748 vernum
1214 2698 1463 2764 jucundius
1488 2703 1535 2748 δε
1555 2700 1750 2756 ·feliciuS‚
1789 2703 1836 2748 δε
1860 2701 1946 2748 hoc
1969 2702 2014 2747 in
2039 2715 2170 2750 aeter-

194 2778 321 2821 num,
358 2780 465 2812 cum
491 2765 793 2821 incrementis,
831 2765 1078 2813 secundum
1107 2768 1291 2825 amoris,
1334 2767 1557 2815 charitatis
1591 2768 1645 2826 &
1686 2767 1790 2813 fidei
1830 2768 2082 2831 progressus
2120 2771 2172 2817 δε

193 2829 370 2890 gradus.
436 2832 512 2878 Ex
530 2831 632 2878 sexu
656 2829 917 2888 foeminino,
952 2847 1058 2895 quae
1081 2832 1233 2880 seniles
1267 2849 1317 2879 ac
1341 2835 1463 2880 senio
1492 2831 1711 2879 confeffle
1745 2846 1941 2880 mortuae
1964 2833 2079 2890 sunt,
2119 2837 2170 2883 δε

160 2904 165 2909 ·
192 2895 240 2940 in
270 2892 363 2941 fide·
394 2895 442 2943 in
463 2898 739 2953 Dominum,
775 2898 984 2950 charitate
1006 2914 1109 2961 erga
1133 2899 1416 2963 proximum,
1454 2900 1505 2947 ὅτ
1531 2899 1574 2945 in
1600 2915 1752 2945 amore
1775 2897 2018 2963 conjugiali
2053 2900 2170 2951 felici

188 2975 300 3007 cum
334 2961 492 3009 marito
521 2962 747 3019 v‘ixerunt,
784 2963 884 3026 post
911 2979 1142 3023 ‚annorum
1177 2964 1438 3022 successum,
1476 2966 1619 3027 magis
1653 2964 1703 3012 δι
1742 2968 1888 3028 magis
1926 2968 1972 3013 in
1998 2957 2167 3031 juven·-

191 3027 300 3072 tutis
339 3026 388 3072 &
425 3026 730 3078 adolescentiae
766 3030 923 3077 florem
955 3031 1158 3087 veniunt,
1209 3033 1351 3095 inque
1391 3031 1794 3095 pulchritudinem,
1846 3048 1951 3095 quae
1989 3034 2168 3082 excedit

193 3106 382 3137 omnem
407 3091 754 3153 pulchritudinis
778 3096 924 3143 ideam
945 3095 1133 3159 usquam
1157 3096 1254 3144 visu
1287 3097 1623 3161 perceptibilem
1646 3119 1662 3152 ·‚
1709 3098 1880 3145 bonitas
1913 3100 1961 3146 δε
1985 3100 2171 3146 charitas

193 3155 255 3231 est
278 3172 384 3232 quae
407 3155 590 3213 format,
629 3160 678 3208 ὅτ
699 3160 764 3208 sui
789 3162 928 3208 simile
955 3161 1078 3217 fistit,
1118 3163 1167 3209 δε
1201 3161 1310 3209 facit
1347 3177 1398 3210 ut
1419 3162 1679 3227 jucundum
1719 3165 1767 3210 δε
1793 3165 2035 3228 pulchrum
2069 3167 2170 3212 cha-

192 3233 331 3270 ritatis
377 3238 435 3271 ex
473 3222 819 3287 singulariffimis
855 3227 978 3276 faciei
1026 3227 1210 3285 eluceat,
1267 3228 1327 3276 fic
1360 3242 1415 3277 ut
1454 3228 1561 3293 ipsae
1595 3229 1816 3278 charitatis
1854 3230 2014 3278 fotmae
2048 3231 2171 3284 'fint;

706 3314 712 3318 ·
772 3310 798 3354 3
2075 3294 2182 3342 visae
