2546 3786
262 270 379 338 ’9⁴‘a
586 246 1144 315 DECOELO
1201 267 1310 315 ιτ
1382 245 1969 314 INFERNot

280 379 551 443 cogitatione
571 383 711 441 quam
738 376 908 439 Angeli
937 373 1181 438 spirituales
1194 382 1216 429 ς’-
1254 374 1304 423 8c
1323 374 1431 438 quia
1464 372 1632 438 Angeli
1665 370 1865 422 coelestes
1895 372 1944 420 in
1973 370 2268 426 borio-:amon

280 447 340 499 ris
363 448 407 492 in
432 445 686 492 Dominum
716 441 834 500 sunt,
876 441 1124 503 loquuntur
1158 455 1215 487 ex
1245 440 1472 502 fapientia,
1508 441 1559 487 δι
1585 440 1754 503 Angeli
1794 437 2040 502 spirituales
2072 441 2268 503 quinia

282 511 404 558 bono
433 510 651 556 charitatis
688 524 792 570 erga
831 508 1094 570 proximum
1119 505 1236 562 sunt,
1275 504 1403 568 quod
1427 505 1473 552 in
1496 503 1572 552 sua
1589 505 1766 554 effentia
1787 503 1850 552 est
1872 520 2032 552 verum
2068 521 2127 554 n:
2149 522 2270 570 2¹52*

284 577 532 639 loquuntur
553 591 608 621 ex
631 574 934 635 intelligentia,
960 577 1066 620 nam
1089 587 1147 619 ex
1170 572 1294 619 bono
1314 570 1377 617 est
1398 569 1622 633 sapientia,
1652 572 1702 621 ἃ
1724 587 1781 619 ex
1802 587 1910 618 vero
1941 570 2271 634 intelligentia-a

283 643 388 688 inde
431 639 640 702 Loquela
662 639 952 700 Angelorum
994 636 1246 685 coelestium
1285 635 1349 683 est
1381 635 1515 683 instar
1550 636 1664 685 len-is
1680 636 1829 695 fluvii,
1869 637 2019 684 mollis
2058 637 2109 684 &
2138 637 2271 701 quast

287 708 515 762 continua,
555 705 628 751 sed
651 703 859 766 Loquela
881 704 1173 766 Angelorum
1213 701 1507 765 spiritualium
1524 700 1594 753 ,est
1623 701 2073 764 pauham‘vibratoria
2104 704 2152 750 &
2174 703 2266 750 dis-

286 784 434 818 creta:
494 771 632 818 etiam
672 769 880 831 Loquela
915 769 1204 832 Angelorum
1254 767 1507 815 coelestium
1545 767 1669 814 sonat
1700 766 1914 817 multum.
1942 784 1998 816 ex
2021 769 2273 817 Vocalibus

286 837 338 883 U
362 839 411 883 &
435 838 499 892 O,
534 849 579 884 at
600 836 808 899 Loquela
831 836 1120 898 Angelorum
1153 833 1447 898 spiritualium
1483 847 1544 880 ex·
1569 832 1809 880 Vocalibus
1832 833 1875 879 E
1908 835 1957 881 &r
1993 834 2046 890 14
2092 835 2271 883 vocales

283 903 405 949 enim
430 901 530 949 sunt
553 918 637 965 pro
660 901 786 958 sono,
823 903 872 949 &
893 904 942 949 in
967 900 1075 949 sono
1094 899 1172 947 esti
1193 900 1385 955 affeffiO,
1424 897 1529 946 narn
1553 911 1606 946 ut
1627 897 1757 962 supra
1788 915 1850 947 n:
1874 915 1897 947 2
1906 900 1967 963 36
1989 901 2162 948 dietum
2185 902 2273 959 est,

284 967 415 1015 sonus
450 968 643 1031 loquelae
670 968 935 1030 angelorum
960 966 1274 1030 correspondet
1306 965 1550 1021 affeffioni,
1586 966 1634 1012 ὅτ
1658 965 2126 1023 ειηίςυΙειτὶοΠεςῐοηὶ,
2158 983 2270 1030 quae

286 1034 388 1080 sunt
426 1049 576 1091 voces,
625 1033 972 1096 correspondent
1009 1033 1120 1079 ideis
1154 1031 1443 1094 cogitationis
1483 1046 1590 1094 quae
1634 1045 1694 1077 ex
1739 1030 2006 1079 affectione:
2051 1035 2273 1096 quoniam

205 1135 208 1137 —
287 1099 462 1147 vocales
494 1114 585 1148 non
609 1100 832 1162 pertinent
856 1099 916 1145 ad
941 1100 1191 1160 Linguam,
1230 1097 1305 1144 sed
1335 1097 1401 1143 ad
1435 1096 1732 1144 elevationem
1753 1112 1925 1144 vocum
1958 1094 2053 1160 ejus
2089 1113 2167 1160 per
2199 1099 2277 1147 so·

288 1181 400 1213 num
426 1166 482 1213 ad
504 1167 646 1212 varias
670 1165 921 1212 affectiones
943 1163 1192 1211 secundum
1219 1160 1416 1225 cujusvis
1448 1161 1636 1218 statum,
1668 1162 1773 1210 ideo
1794 1163 1842 1209 in
1864 1163 2050 1226 Lingua
2073 1164 2279 1214 Hebraea

226 1232 236 1242 ⁵
291 1231 468 1279 vocales
505 1248 598 1278 -non
627 1230 839 1292 expreffae
875 1228 992 1286 sunt,
1035 1232 1084 1277 &
1105 1244 1290 1292 quoque
1311 1229 1432 1275 varie
1461 1229 1747 1276 enuntiantur
1773 1250 1788 1284 3
1832 1229 1939 1275 inde
1960 1228 2130 1292 Angeli
2159 1245 2277 1293 cog-·

289 1296 478 1343 noscunt
498 1296 632 1359 quale
654 1295 851 1343 hominis
885 1295 1038 1358 quoad
1069 1295 1356 1343 affeffionem
1391 1295 1441 1340 δι
1462 1309 1666 1342 amor-em
1690 1310 1702 1341 z
1740 1295 1953 1357 Loquela
1977 1295 2280 1358 Angelorum*

288 1361 626 1411 coelestium-est
649 1362 783 1408 etiam
813 1360 977 1424 absque
997 1360 1355 1409 Consonantibus
1377 1359 1517 1416 duris,
1557 1360 1608 1406 &
1643 1374 1739 1406 raro
1760 1359 1924 1408 labitur
1957 1376 1983 1407 a
2003 1359 2281 1422 consonante

287 1428 332 1481 in
352 1427 690 1483 consonantem,
729 1426 808 1473 nifi
834 1443 915 1490 per
936 1426 1318 1491 interpositionem
1340 1426 1468 1472 vocis
1489 1440 1597 1488 quae
1618 1425 1777 1488 incipit
1793 1442 1825 1473 a
1846 1426 2029 1482 vocali3
2062 1427 2168 1474 inde
2190 1427 2273 1484 est,

288 1493 416 1554 quod
452 1494 497 1539 in
530 1494 685 1540 Verbo
719 1494 850 1540 toties
890 1494 1199 1556 interponatur
1235 1492 1400 1539 vocula
1438 1491 1519 1548 Et,
1564 1502 1618 1538 ut
1657 1490 1853 1539 constare
1889 1491 2035 1555 potest
2068 1493 2153 1540 illis
2183 1494 2281 1556 quir

288 1559 451 1622 legunt
472 1559 677 1606 Verbum
701 1559 748 1606 in
771 1559 956 1621 Lingua
979 1559 1200 1615 Hebraea,
1238 1559 1284 1605 in
1307 1571 1396 1620 qua
1419 1557 1495 1604 illa
1515 1556 1677 1606 vocula
1696 1556 1762 1604 est
1798 1559 1950 1605 mollis
1983 1559 2034 1606 &
2064 1560 2281 1621 utrinque.

288 1623 414 1672 sonat
434 1639 492 1671 ex
511 1625 688 1672 vocali:
735 1640 791 1670 ex
814 1624 1002 1671 vocibus
1037 1625 1174 1672 etiam
1212 1625 1259 1670 in
1281 1623 1436 1670 Verbo
1470 1622 1516 1668 in
1549 1622 1628 1670 illa
1646 1622 1845 1684 Lingua.
1871 1623 2149 1686 aliquantum
2174 1625 2274 1671 sciri

291 1689 455 1752 potest,
497 1706 609 1737 num
635 1691 883 1753 pertineant
915 1690 971 1736 ad
1008 1689 1184 1738 claffem
1214 1687 1446 1736 :coelestem
1469 1686 1544 1734 vel
1577 1687 1636 1735 ad
1664 1688 1840 1735 classem
1879 1687 2170 1752 spiritualem,
2210 1691 2279 1737 ital.

293 1771 406 1802 num
431 1756 677 1803 ‘involvant
698 1755 872 1803 bonum
896 1755 970 1801 vel
991 1771 1103 1802 num
1127 1769 1304 1809 verum,
1341 1768 1448 1817 quae
1480 1752 1721 1801 involvunt
1742 1753 1916 1819 bonum
1950 1754 2130 1802 trahunt
2154 1755 2275 1802 mul·

295 1833 400 1869 tum
438 1837 494 1868 ex
516 1822 567 1869 U
591 1822 640 1868 &
664 1822 728 1877 O,
767 1821 817 1868 ὅτ
852 1836 1039 1884 quoque
1070 1821 1355 1884 aliquantum
1393 1833 1452 1866 ex
1475 1820 1542 1875 A,
1584 1829 1628 1866 at
1666 1834 1774 1882 quae
1812 1819 2058 1867 involvunt
2091 1837 2273 1878 verum,

292 1890 475 1935 trahunt
498 1903 554 1934 ex
576 1887 618 1934 E
643 1888 692 1933 &
715 1887 754 1934 Ι.
823 1887 952 1950 Quia
987 1885 1246 1934 affeffiones
1279 1884 1510 1948 imprimis
1548 1882 1591 1932 se
1626 1883 1834 1934 exse-unt
1863 1900 1948 1949 per
1985 1885 2132 1944 sonos,
2171 1887 2283 1934 ideo·

291 1965 499 2066 gugssu-{c
513 1965 724 2075 adtinget&
741 1950 1947 2081 vgiegusrlnsffizlle&h00n{messtim3²gnilffitgliciiilluc
1967 2018 2009 2064 se
2030 1953 2283 2073 telast’toll'iuslt‘,e

293 2100 402 2131 cum
423 2084 951 2147 exprimuntttrfimiliu
983 2083 1113 2130 aliter
1145 2098 1260 2129 cum
1290 2082 1441 2144 agitur
1478 2081 1536 2127 de
1563 2095 1657 2127 non
1678 2082 1856 2144 magnis
1876 2102 1894 2138 3
1936 2080 2041 2129 inde
2063 2082 2124 2130 est
2147 2083 2276 2146 quod
2313 2144 2316 2147 ι

295 2151 389 2197 Ars
411 2150 577 2207 musica
600 2148 753 2196 calleat
773 2149 1022 2212 exprimere
1044 2147 1338 2196 affeffionum
1361 2147 1480 2210 varia
1501 2161 1677 2208 genera.
1857 2153 1861 2155 '

312 2251 316 2257 -.
365 2232 474 2274 242.
511 2216 563 2262 In
596 2215 802 2277 Loquela
833 2213 1030 2275 angelica
1061 2213 1123 2261 est
1160 2213 1351 2277 quidam
1386 2213 1663 2274 Concentus,
1715 2211 1796 2276 qui
1841 2227 1932 2259 non
1971 2210 2158 2259 describi
2190 2229 2278 2277 po-

294 2280 377 2327 test
394 2283 528 2342 (pp):
571 2280 643 2326 ille
665 2294 907 2335 concentus
928 2279 990 2326 est
1013 2295 1070 2326 ex
1091 2295 1162 2336 eo,
1195 2278 1328 2341 quod
1360 2278 1656 2342 cogitationes
1689 2279 1738 2325 δε
1768 2278 2044 2335 affectiones,
2084 2294 2143 2325 ex
2174 2282 2277 2342 qui·-

297 2347 381 2392 bus
417 2346 608 2409 loquela,
651 2345 692 2392 se
731 2346 966 2392 effundant
998 2347 1043 2392 δι
1082 2344 1340 2393 diffundant
1373 2343 1618 2391 secundum
1656 2341 1853 2391 formam
1877 2343 2018 2400 Coeli,
2051 2344 2100 2391 δι
2132 2342 2280 2394 forma

207 2416 210 2419 ’
298 2411 424 2458 coeli
457 2411 521 2458 est
554 2411 801 2458 secundum
824 2427 963 2474 quam
998 2427 1158 2465 onrnes
1189 2410 1429 2458 consociati
1451 2409 1582 2466 Tum,
1617 2411 1667 2458 ἃ,
1690 2408 1935 2457 secundum
1958 2426 2095 2473 quam
2129 2412 2281 2458 omnis

295 2478 677 2524 communicatio:
709 2478 836 2540 quod
855 2477 1029 2538 Angeli
1064 2476 1301 2524 consociati
1332 2475 1417 2522 s1nt
1439 2475 1684 2523 secundum
1708 2473 1903 2523 formam
1929 2476 2051 2532 coeli,
2076 2478 2125 2524 &
2148 2476 2274 2539 quod

297 2542 588 2606 cogitationes
624 2544 673 2589 &
709 2542 961 2590 affectiones
1001 2543 1184 2590 illorum
1222 2542 1365 2589 fluant
1410 2540 1660 2588 secundum
1705 2541 1849 2598 illam,
1905 2542 2111 2589 videatur
2149 2542 2277 2605 supra

301 2626 356 2657 n:
381 2625 473 2657 200
505 2608 560 2654 ad
588 2625 698 2656 212.

369 2691 476 2736 243.
515 2674 680 2721 Similis
706 2672 900 2736 loquela,
939 2673 1081 2736 qualis
1104 2671 1167 2720 est
1201 2673 1245 2719 in
1273 2673 1461 2721 Mundo
1493 2671 1726 2736 spirituali,
1763 2673 1889 2721 insita
1925 2671 1988 2721 est
2019 2672 2164 2720 cuivis
2193 2671 2277 2720 ho·

301 2742 431 2799 mini,
476 2738 548 2786 sed
585 2741 776 2803 in-parte
809 2737 904 2802 ejus
936 2738 1218 2787 intellectuali
1257 2740 1499 2795 interiore,
1544 2738 1605 2785 ast
1643 2740 1751 2802 quia
1774 2739 1856 2786 illa
1889 2739 2010 2803 apud
2041 2738 2277 2786 hominem

301 2822 392 2852 non
415 2806 577 2852 labitur
600 2809 645 2852 in
669 2820 802 2853 voces
835 2805 1040 2867 analogas
1064 2804 1286 2852 affeffioni
1309 2805 1421 2853 ficut
1441 2804 1563 2869 apud
1585 2805 1808 2868 Angelos,
1832 2805 1972 2853 homo
1990 2803 2127 2851 nescit
2149 2806 2278 2867 quod

300 2871 353 2917 fit
391 2872 435 2917 in
471 2871 575 2925 illa3
628 2872 732 2934 inde
759 2869 912 2919 tamen
946 2871 1025 2928 est,
1066 2871 1192 2934 quod
1232 2871 1374 2918 horno
1411 2871 1525 2918 dum
1560 2873 1686 2917 venit
1720 2871 1764 2917 in
1805 2871 1985 2918 alteram
2023 2870 2183 2926 vitam,
2229 2872 2278 2917 in

302 2936 456 2982 eadem
482 2936 656 2997 loquela
679 2936 731 2982 fit
755 2951 862 2982 curn
888 2936 1126 2998 Spiritibus
1147 2937 1197 2983 &
1220 2937 1412 2999 Angelis
1437 2936 1518 2992 ibi,
1555 2936 1604 2983 ὅτ
1628 2936 1752 2999 quod
1791 2936 1853 2984 ita
1874 2934 1977 2982 sciat
2002 2934 2125 2997 loqui
2149 2936 2279 2984 nullo

301 3002 491 3071 docente
504 3003 577 3063 (qq
580 3001 621 3056 J,
690 3000 777 3046 Sed
802 3001 858 3047 de
881 3003 960 3047 hac
986 3017 1030 3048 re
1052 2999 1165 3076 infra
1190 3002 1331 3064 plura.
2049 3050 2074 3082 2
2079 3051 2109 3094 4
2112 3051 2158 3094 4·
2182 3034 2297 3082 Lo„

359 3134 453 3220 (pp)
476 3162 597 3217 Qod
622 3165 663 3206 in
682 3165 838 3220 loquela
856 3167 1032 3222 angelica
1053 3138 1099 3210 sit
1118 3177 1340 3211 concentus
1361 3169 1595 3212 harmonice
1611 3168 1764 3215 labens,
1784 3181 1812 3208 n
1830 3180 1842 3208 z
1861 3167 1983 3217 1648.
2006 3167 2129 3222 1649.
2144 3180 2278 3225 7191.

346 3220 452 3279 (qq)
482 3221 608 3276 Qod
646 3222 803 3277 loquela
829 3224 1033 3278 spiritualis
1063 3227 1129 3268 seu
1158 3226 1359 3283 Angelica
1387 3225 1435 3270 stt
1459 3226 1572 3282 ,apud
1608 3225 1834 3277 hominem,
1877 3223 2032 3268 tametsi
2064 3225 2115 3286 id⁴
2135 3224 2275 3272 nestit,

1746 3318 1748 3320 ,
2070 3293 2275 3334 11:40140
